3667 5250
1545 321 1925 383 —5-

459 519 716 601 Lampis
760 523 934 604 apud
978 493 1296 586 arbitrum
1343 529 1408 586 et
1450 525 1518 587 in
1546 524 1799 601 iudicio,
1829 523 1903 588 A.
1936 509 2312 589 Schaeferus
2352 523 2425 609 (l.
2458 525 2498 587 1.
2528 523 2639 602 III,
2661 528 2719 602 2,
2751 546 2812 606 p.
2846 523 3005 610 305)

454 625 720 688 monuit.

626 725 793 789 Tum
831 731 1050 791 orator
1092 727 1368 791 multum
1412 728 1641 792 tribuit
1681 729 1800 807 rei,
1857 749 2054 810 quam
2105 729 2276 792 idem
2322 727 2699 794 Schaeferus
2740 729 2813 814 (l.
2861 729 2902 793 1.
2944 751 3001 811 p.

456 827 614 912 306)
643 828 1150 893 demonstratam
1183 850 1317 894 esse
1348 836 1523 894 recte
1551 833 1830 912 negavit:
1878 829 2345 909 Phormionem,
2386 832 2439 896 si
2482 852 2705 895 revera
2748 838 3004 896 centum

457 935 522 993 et
581 930 804 1012 viginti
854 937 1126 996 stateres
1169 931 1507 1017 Cyzicenos
1546 931 1839 1015 Lampidi
1892 933 2302 1012 reddidisset,
2352 954 2471 1015 pro
2523 933 2623 998 bis
2665 934 2839 998 mille
2878 955 3008 999 ses-

456 1033 659 1097 centis
703 1033 1028 1099 drachmis
1071 1036 1474 1099 redditurum
1515 1033 1708 1098 fuisse
1750 1042 1853 1099 ter
1893 1036 2067 1100 mille
2112 1042 2470 1118 nongentas
2512 1037 2736 1120 viginti
2777 1036 3007 1102 drach-

454 1157 594 1201 mas
634 1138 751 1222 (Q
788 1139 1060 1215 22—25,
1109 1136 1240 1221 41).
1329 1136 1530 1200 Nihili
1568 1139 1766 1220 igitur
1806 1137 2102 1203 facienda
2146 1139 2367 1218 verba,
2408 1139 2657 1221 'quibus
2702 1139 3007 1204 credibile

456 1259 590 1304 esse
646 1245 838 1322 negat
888 1238 1343 1304 Phormionem
1395 1239 1539 1321 plus
1589 1242 1898 1322 pecuniae
1951 1242 2355 1324 pependisse,
2412 1263 2607 1324 quam
2663 1242 3003 1321 debuisset,

456 1363 600 1406 cum
639 1362 877 1424 magna
920 1343 988 1405 in
1031 1341 1322 1423 Bosporo
1367 1361 1624 1423 pressus
1667 1350 1834 1408 esset
1874 1351 2157 1426 egestate
2204 1380 2283 1388 -—
2326 1363 2525 1426 quam
2568 1365 2705 1408 rem
2746 1345 3007 1426 insuper

455 1466 583 1508 non
628 1446 784 1509 satis
836 1443 1100 1527 probari
1155 1443 1236 1507 ab
1292 1450 1547 1508 oratore
1591 1443 1879 1511 Blassius
1926 1446 1995 1530 (l.
2038 1446 2079 1510 1.
2120 1468 2181 1529 p.
2221 1447 2379 1530 520)
2421 1448 2671 1512 monuit
2717 1486 2815 1525 -,
2862 1467 3006 1511 cum

359 1561 362 1564 ’
456 1549 589 1612 veri
629 1544 934 1611 dissimile
974 1552 1143 1610 esset
1184 1566 1381 1624 reum,
1429 1546 1496 1611 id
1540 1548 1715 1628 quod
1760 1550 2197 1627 contenderet,
2240 1549 2419 1631 prius
2448 1549 2563 1635 (=
2588 1551 2657 1613 in
2686 1548 3009 1634 Bosporo)

454 1655 708 1714 tantam
749 1651 1085 1731 pecuniam
1116 1647 1376 1713 solvisse
1416 1647 1486 1736 (ξ
1518 1652 1649 1734 25),
1695 1673 1842 1716 cum
1885 1653 1951 1715 in
1981 1651 2268 1734 Bosporo
2314 1653 2455 1715 aliis
2499 1652 2761 1734 quidem
2805 1653 3009 1717 credi-

454 1751 704 1818 toribus
742 1753 946 1834 iisque
990 1752 1432 1833 praesentibus
1473 1759 1539 1816 et
1575 1755 1949 1836 urgentibus
1987 1756 2092 1820 vix
2130 1759 2327 1836 caput
2360 1755 2567 1820 solum
2602 1755 3007 1834 reddidisset,

454 1861 638 1919 actor
679 1861 897 1918 autem
927 1854 1234 1920 abfuisset
1269 1853 1575 1937 nullaque
1607 1858 1915 1939 coegisset
1944 1857 2288 1922 necessitas
2319 1857 2388 1942 (ξ
2417 1861 2496 1922 26
2532 1857 2632 1921 cll.
2665 1862 2746 1923 22
2777 1865 2842 1922 et
2872 1859 3004 1943 40),

455 1979 600 2021 cum
656 1957 930 2039 denique
983 1963 1240 2039 praeter
1291 1980 1491 2022 unum
1555 1960 1764 2024 nullos
1825 1960 2261 2024 advocavisset
2319 1966 2514 2025 testes
2567 1960 2680 2046 (Q
2726 1963 2825 2040 30,
2873 1962 3006 2046 41).

457 2059 676 2124 Testes
705 2079 853 2125 vero
888 2058 1258 2124 Phormioni
1289 2081 1484 2143 quam
1526 2060 1839 2142 plurimos
1882 2061 2077 2126 fuisse
2122 2061 2537 2142 adhibendos,
2586 2085 2733 2128 cum
2778 2065 2831 2128 is
2863 2063 3009 2146 plus

453 2163 762 2244 pecuniae
803 2183 1000 2244 quam
1045 2163 1323 2228 debebat
1364 2164 1650 2244 pendens
1702 2184 2005 2245 magnam
2052 2164 2172 2229 sibi
2223 2164 2345 2229 hac
2387 2187 2457 2229 re
2503 2165 2778 2248 gloriam
2818 2187 3009 2248 para-

451 2270 638 2330 turus
678 2264 904 2329 fuisset
946 2263 1013 2348 (ἓ
1059 2265 1193 2349 30),
1240 2286 1384 2329 cum
1427 2267 1764 2350 pecuniam
1814 2286 1944 2329 non
1991 2268 2291 2331 creditori
2331 2269 2482 2349 ipsi,
2533 2271 2647 2333 sed
2690 2269 3004 2350 Lampidi',

453 2388 597 2430 cum
640 2366 885 2431 homini
927 2368 1206 2447 mortali,
1253 2388 1428 2432 mare
1471 2370 1839 2446 traiecturo,
1883 2371 2056 2451 quod
2100 2371 2168 2433 in
2209 2369 2496 2452 Bosporo
2538 2371 2777 2435 tabulis
2808 2370 3007 2434 Athe-

451 2469 550 2533 nis
593 2471 887 2551 repositis
918 2470 986 2556 (§
1007 2470 1138 2557 31),
1171 2471 1346 2553 quod
1377 2492 1416 2535 a
1435 2469 1787 2555 Chrysippo
1821 2473 2081 2554 eiusque
2126 2474 2295 2536 socio
2333 2473 2500 2538 binis
2545 2475 2625 2537 de
2670 2480 3006 2539 contractu

449 2572 692 2638 tabulis
741 2571 926 2638 factis
969 2573 1042 2659 (ξ
1087 2573 1198 2659 32)
1248 2574 1653 2640 reddidisset.
1748 2572 1949 2639 Plura
2000 2573 2105 2639 hic
2156 2582 2480 2641 oratorem
2523 2577 2749 2641 iisdem
2798 2576 3007 2643 verbis

451 2678 836 2759 expressisse
892 2698 1077 2742 nemo
1130 2698 1261 2741 non
1313 2678 1513 2755 videt3
1577 2684 1969 2760 quamquam
2029 2679 2263 2742 mirum
2317 2700 2452 2743 esse
2504 2679 2585 2743 ab
2636 2700 2710 2744 eo
2769 2680 3003 2759 doceri,

451 2779 627 2860 quod
672 2800 798 2843 non
843 2778 1004 2844 alios
1049 2781 1242 2843 etiam
1285 2786 1539 2863 praeter
1575 2779 1951 2862 Lampidem
1997 2787 2193 2845 testes
2234 2782 2635 2846 arcessiverit
2682 2781 3003 2862 Phormio,

449 2880 637 2945 facile
694 2880 992 2947 concedO.
1103 2881 1306 2947 Valde
1369 2888 1587 2947 autem
1648 2889 1868 2947 orator
1924 2884 2413 2965 vituperandus,
2472 2885 2645 2967 quod
2700 2887 2739 2965 ξ
2786 2888 2863 2948 27
2910 2887 3006 2949 in-

450 2983 756 3049 credibile
785 3006 920 3050 esse
949 2985 1106 3049 dicit
1133 2984 1608 3064 Phormionem,
1626 3007 1772 3050 cum
1803 3006 1929 3063 eos,
1965 2973 2061 3061 οἷς
2088 2981 2157 3049 αἱ
2192 2984 2551 3073 συγγραφαὶ
2588 2984 2653 3050 ἐν
2682 2982 3005 3073 Βοσπόρῳ

449 3081 562 3172 τὴν
621 3087 862 3171 πρᾶξιν
931 3082 1233 3151 ἐδίδοσαν
1291 3088 1403 3151 τοῦ
1465 3082 1746 3166 δανείου,
1819 3108 1951 3153 non
2015 3094 2181 3153 esset
2243 3091 2507 3169 veritus,
2582 3089 3007 3174 Chrysippum

449 3210 730 3265 curasse,
789 3212 859 3253 ον
904 3187 975 3270 ἐξ
1020 3182 1210 3275 ἆρχνς
1260 3182 1455 3265 suffit-9
1497 3181 1746 3275 [ηδίκει]
1796 3184 1909 3254 οἰκ
1950 3186 2289 3273 ἐνθέμενος
2330 3187 2414 3255 τὰ
2453 3186 2713 3279 χρνματ>
2766 3188 2860 3270 εἰς
2895 3216 3007 3257 ττν
3134 3230 3143 3240 ·

449 3315 600 3355 ναυν
642 3287 814 3355 κατὰ
855 3288 966 3378 τὴν
1011 3311 1372 3378 συγγραφγν
1401 3284 1793 3407 Αθήνηθεν,
1841 3312 1969 3374 quo
2010 3293 2151 3357 loco
2183 3294 2451 3375 pessime
2489 3296 2656 3359 inter
2698 3316 2763 3360 se
2810 3316 3006 3433 oppo-

449 3394 574 3458 sita
611 3400 764 3458 sunt
805 3396 1138 3458 enuntiata
1177 3393 1306 3472 illa,
1354 3414 1517 3475 quae
1561 3394 2027 3476 exscripsimus

620 3495 742 3560 Per
782 3496 1073 3561 fraudem
1114 3517 1307 3578 porro
1359 3502 1856 3561 consentaneum
1909 3517 2044 3561 esse
2098 3505 2291 3580 negat
2334 3502 2373 3579 ξ
2421 3502 2499 3563 27
2546 3500 3001 3580 adversarium,

450 3618 597 3661 cum
659 3598 944 3663 Athenas
1006 3619 1322 3677 reversus,
1392 3598 1501 3662 ubi
1564 3606 1936 3665 contractus
1982 3600 2191 3665 factus
2244 3601 2351 3679 sit,
2410 3604 2614 3667 actori
2665 3606 3004 3684 pecuniam

449 3702 726 3782 pendere
786 3709 1036 3767 recuset
1087 3692 1224 3785 (οὐκ
1277 3694 1482 3777 ὀκνεῖς
1525 3694 1949 3788 ἀποστερεῖν),
2003 3703 2067 3765 in
2120 3703 2439 3785 Bospor0,
2493 3706 2561 3767 in
2612 3725 2740 3786 quo
2794 3705 3003 3771 nullas

451 3803 721 3869 daturus
743 3803 956 3868 -fuerit
998 3824 1254 3885 poenaS,
1297 3803 1442 3885 plus
1478 3806 1784 3885 pecuniae
1829 3825 1897 3867 se
1942 3804 2295 3869 reddidisse
2337 3807 2751 3883 contendere3
2797 3829 3002 3890 neque

451 3908 620 3969 enim
672 3906 1042 3971 Phormioni
1096 3904 1438 3987 opprobrio
1496 3906 1655 3971 verti
1706 3907 1943 3988 potuit,
2000 3908 2175 3989 quod
2231 3928 2339 3971 aes
2404 3908 2684 3973 alienum
2739 3908 3001 3975 Athenis

449 4009 730 4090 pendere
775 4008 1006 4085 noluit,
1053 4014 1277 4088 utpote
1323 4008 1434 4090 qui
1478 4008 1546 4071 id
1587 4028 1653 4072 se
1698 4009 1826 4072 iam
1867 4011 1933 4072 in
1977 4008 2264 4090 Bosporo
2315 4010 2572 4075 solvisse
2620 4012 2872 4075 dixerit.
2930 4051 2994 4057 ——
3030 4024 3037 4027 “

450 4110 638 4188 Quod
680 4117 901 4175 orator
930 4110 1380 4174 Phormionem
1421 4117 1486 4175 et
1515 4110 1888 4193 Lampidem
1932 4110 2136 4175 malos
2179 4113 2573 4196 iniuriosque
2618 4135 2754 4179 esse
2798 4114 3003 4179 homi-

447 4234 562 4277 nes
621 4213 777 4277 dicit
827 4211 943 4299 (Q
1005 4214 1106 4290 29,
1159 4214 1464 4296 36-37),
1516 4233 1590 4276 eo
1644 4213 1778 4295 ipse
1830 4214 1953 4277 sibi
2018 4213 2293 4279 obfuisse
2356 4217 2819 4281 existimandus
2870 4224 2999 4295 est3

449 4337 598 4380 nam
658 4315 1024 4379 testimonio
1091 4336 1311 4379 eorum
1375 4314 1684 4396 ipsorum,
1752 4314 1985 4397 quibus
2054 4316 2248 4381 fidem
2314 4317 2624 4397 detrahit,
2687 4320 2803 4382 niti
2871 4341 2999 4384 non

450 4418 706 4483 dubitat
747 4418 860 4501 (Q
891 4420 992 4496 41,
1027 4419 1161 4503 46).
1195 4455 1279 4462 —
1310 4416 1413 4479 Ad
1453 4437 1711 4481 causam
1750 4438 1879 4481 non
1924 4421 2249 4501 pertinent
2288 4420 2499 4500 verba,
2543 4420 2775 4504 quibus
2818 4443 3000 4487 reum

448 4523 764 4603 increpat,
828 4520 1005 4602 quod
1064 4542 1209 4585 cum
1270 4520 1378 4583 alii
1437 4540 1655 4584 omnes
1706 4520 2003 4602 portibus
2066 4522 2379 4588 solventes
2443 4524 2682 4588 multos
2750 4526 3000 4590 soleant

449 4623 754 4689 adhibere
814 4628 1010 4687 testes
1071 4617 1648 4707 ἐπιμαρτυρόμενοι
1707 4614 1810 4687 ὅτι
1872 4620 1956 4687 τὰ
2013 4622 2139 4711 χρή
2150 4652 2195 4709 μ
2212 4648 2357 4688 ατα
2408 4617 2527 4713 ἤδη
2570 4622 2999 4692 κινδυνεύεται

448 4727 542 4811 τῷ
583 4720 971 4803 δανείσαντι,
1018 4745 1218 4788 unum
1263 4725 1470 4788 solum
1511 4726 1918 4791 advocaverit
1957 4726 2030 4811 (ξ
2060 4728 2199 4813 28);
2246 4750 2451 4810 neque
2498 4730 2666 4793 enim
2696 4730 2996 4795 Phormio

448 4829 514 4892 in
550 4829 838 4910 Bosporo
884 4847 1170 4891 merces
1216 4827 1282 4889 in
1321 4847 1546 4893 navem
1590 4830 1895 4910 imposuit
1938 4829 2051 4913 (Q
2074 4833 2173 4909 33,
2208 4830 2297 4914 9).
2324 4866 2404 4877 ·—-
2449 4830 2758 4911 Argutius
2801 4851 2999 4912 quam
