3667 5250
1710 297 1794 306 ..
1892 256 2136 326 14·-

815 462 1058 541 Quibus
1093 463 1398 544 expositis
1444 465 1524 527 de
1569 465 2035 529 sententiarum
2077 464 2300 548 figuris
2342 466 2651 547 sequitur,
2693 473 2768 531 ut
2808 488 3074 550 agamus
3118 468 3199 532 de

643 566 919 650 figuris
961 565 1384 630 verborum.

813 668 1201 751 Repetitio
1226 673 1576 750 usurpatur
1596 667 1894 747 XXXIII,
1922 672 2027 734 123
2049 665 2271 732 πάντα
2296 665 2368 733 δὲ
2386 666 2674 747 ποιύσας
2701 669 2816 734 καὶ
2848 667 2943 748 εἷς
2973 673 3201 737 πᾶσαν

527 855 537 862 ᾗ
645 767 1012 852 ἀπέχθειαν
1065 808 1134 816 -—-
1185 765 1415 849 ἐλθών,
1463 791 1657 851 quam
1701 772 1960 853 quidem
2014 773 2458 853 repetitionem
2509 781 2775 857 propter
2817 774 3199 857 particulam

643 871 760 940 καί
800 875 862 939 vi
895 893 1111 938 carere
1143 871 1473 937 Schulzius
1505 873 1593 956 (p.
1626 874 1737 959 75)
1761 880 1930 939 recte
1960 875 2228 954 monuit,
2260 881 2325 939 et
2354 875 2497 940 LVI
2527 881 2607 956 ἐξ
2646 879 2749 941 103
2796 873 3197 963 καταφρονῇ-

647 999 874 1054 σαντες
915 971 1036 1059 μὲν
1077 1013 1175 1053 .--,
1223 971 1823 1062 καταφρονήσαντες
1866 972 1938 1039 δέ
1990 982 2055 1040 et
2099 979 2210 1042 353
2264 972 2449 1061 ἕτερα
2492 974 2611 1062 μὲν
2652 975 2821 1063 λέγει
2867 1015 2969 1056 --,
3016 974 3199 1063 ἕτερα

645 1077 718 1145 δέ
777 1079 951 1164 (Β1.).
1063 1076 1300 1142 Confer
1348 1084 1684 1162 praeterea
1736 1077 2027 1156 XXXIV,
2072 1081 2139 1144 5:
2189 1074 2257 1141 τί
2308 1116 2381 1124 -
2427 1078 2539 1144 καὶ
2596 1075 2681 1159 τί,
2736 1077 2896 1158 LVI,
2946 1083 3052 1144 ll:
3096 1071 3199 1144 ὅτι

646 1221 725 1230 --
767 1172 869 1246 ὅτι
901 1180 1281 1266 (secundum
1321 1179 1558 1266 codd),
1607 1185 1710 1246 153
1754 1176 1821 1244 τί
1852 1171 2005 1266 -ἢ
2044 1175 2131 1258 τί,
2178 1183 2287 1245 273
2330 1174 2387 1242 εἰ
2432 1177 2551 1261 μὲν
2593 1175 2985 1267 πεποίηκας,
3015 1220 3096 1228 -
3141 1177 3199 1246 εἰ

645 1282 718 1350 δὲ
759 1280 848 1370 μὴ
890 1277 1290 1368 πεποίηκας,
1346 1283 1456 1347 283
1511 1277 1568 1345 εἰ
1623 1273 1748 1367 ἀρα
1801 1279 2049 1368 γέγονεν
2092 1320 2192 1360 -,
2245 1277 2410 1364 μετὰ
2462 1283 2575 1346 τοῦ
2628 1281 3058 1370 συμφέροντος
3118 1323 3198 1332 -

644 1385 870 1474 γέγονε,
917 1387 1028 1450 323
1075 1377 1161 1460 ὡς
1207 1421 1277 1430 —
1328 1377 1430 1461 ὡς,
1478 1386 1588 1448 423
1632 1383 1718 1448 δι’
1767 1377 1936 1471 ἡμᾶς
1974 1421 2044 1431 -
2075 1377 2117 1449 ⁷5³
2160 1379 2273 1449 διὰ
2315 1384 2563 1464 τοῦτον,
2610 1390 2721 1450 453
2768 1380 2879 1451 οῦκ
2926 1380 3197 1474 ἀπειλή-

645 1513 857 1577 φαμεν
907 1525 1000 1550 -.
1049 1479 1122 1550 ού
1162 1481 1722 1568 κατακεκομίκασι
1768 1483 1883 1573 τὴν
1922 1488 2088 1550 ναῦν.

815 1591 1324 1656 Coacervatio
1366 1608 1494 1652 non
1527 1591 1646 1654 nisi
1669 1589 1961 1666 XXXIV,
1985 1592 2061 1653 31
2094 1590 2375 1653 occurrit
2420 1589 2577 1672 (Bl.)
2630 1589 2935 1655 Conferas
2981 1597 3197 1656 tamen

642 1692 931 1771 XXXIV,
967 1695 1067 1756 19:
1113 1688 1228 1755 καὶ
1275 1683 1419 1776 off
1450 1729 1535 1738 —
1565 1689 1678 1755 καὶ
1733 1686 2043 1774 τιμωρία,
2092 1696 2201 1756 513
2258 1682 2401 1754 οῦτε
2457 1692 2609 1754 ναῦν
2661 1684 2805 1756 οῦτε
2858 1690 3201 1780 ναύκληρον

647 1790 776 1862 οἵτ’
824 1789 1162 1878 ε’πιβάτην,
1192 1790 1352 1874 LVI,
1378 1795 1490 1857 453
1533 1791 1646 1856 καὶ
1690 1789 1761 1874 ἐξ
1801 1787 1939 1870 ἑνὸς
1981 1789 2094 1856 καὶ
2142 1789 2214 1874 ἒξ
2254 1786 2516 1878 ἀμφοῖν,
2560 1797 2670 1859 473
2716 1792 2829 1858 καὶ
2873 1789 3041 1882 ἡμᾶς
3085 1792 3198 1859 καὶ

643 1894 827 1983 ῦμᾶς,
873 1901 988 1962 503
1033 1891 1148 1958 καὶ
1191 1895 1364 1982 κοινξ
1414 1933 1495 1941 -—
1539 1891 1652 1957 καὶ
1700 1889 1859 1981 ἰδίᾳ.

812 1997 1243 2064 Dissolutio
1288 2017 1415 2061 non
1461 1996 1715 2061 obviam
1758 1998 1933 2062 venit
1976 1998 2098 2061 nisi
2138 1996 2297 2075 LVI,
2344 2000 2452 2062 45:
2492 1993 2907 2079 ἐδανείσαμεν
2947 2037 3045 2062 -.
3088 1992 3201 2062 οἰκ

644 2097 879 2188 ἀπειλῆ
887 2122 1098 2188 φαμεν
1130 2138 1231 2162 -.
1277 2092 1347 2163 ού
1377 2094 1937 2182 κατακεκομίκασι
1964 2098 2120 2184 (Bl.)
2152 2097 2242 2163 Cf.
2267 2099 2555 2178 XXXIV,
2601 2105 2669 2164 4:
2716 2093 3199 2186 ἀπολογεῖσθαι

641 2200 1004 2270 κελεύουσιν
1045 2240 1148 2280 -,
1197 2195 1268 2266 οῦ
1311 2203 1698 2288 κατηγορεῖν.

813 2306 855 2372 S
867 2328 962 2392 yn
975 2326 1065 2370 on
1077 2305 1324 2387 ymiae
1349 2304 1512 2368 duas
1530 2305 1934 2387 potissimum
1950 2301 2191 2367 formas
2214 2303 2701 2386 distinguendas
2720 2325 2855 2369 esse
2876 2305 3199 2382 existim03

641 2431 772 2475 una
823 2414 946 2485 est,
1001 2429 1146 2472 cum
1193 2406 1344 2471 bina
1397 2405 1710 2471 vocabula
1768 2403 1969 2468 ferme
2023 2406 2193 2470 idem
2253 2405 2682 2488 significantia
2743 2415 3201 2471 coacervantur

643 2513 756 2599 (=
800 2511 997 2577 verba
1039 2509 1546 2593 cognominata);
1592 2507 1799 2572 altera
1842 2507 1919 2570 iis
1969 2505 2125 2571 locis
2176 2508 2438 2590 legitur,
2493 2508 2725 2591 quibus
2769 2509 2869 2574 vel
2909 2509 3200 2593 pluribus

641 2615 848 2683 verbis
903 2613 1006 2679 vel
1058 2612 1214 2678 totis
1267 2612 1600 2677 sententiis
1645 2611 1813 2674 idem
1861 2607 1993 2673 fere
2037 2608 2136 2674 bis
2181 2610 2523 2674 indicatur.
2634 2609 2709 2676 In
2763 2610 2873 2676 illo
2927 2634 3201 2697 synony-

640 2721 809 2784 miae
855 2736 1085 2801 genere
1132 2736 1212 2781 ex
1257 2716 1545 2779 oratione
1579 2710 1874 2777 XXXIII.
1923 2714 2183 2776 unicum
2214 2713 2575 2796 exemplum
2607 2716 2928 2779 numerari
2959 2721 3197 2798 potest:

644 2815 892 2885 ἀδικεῖν
953 2815 1066 2883 καὶ
1131 2818 1556 2905 συκοφαντεῖν
1619 2820 1657 2894 ἓ
1701 2816 1781 2879 37
1829 2813 1913 2897 (v.
1964 2813 2217 2879 Schulz.
2273 2837 2377 2897 pp.
2433 2816 2744 2901 74-75);
2790 2838 2868 2880 ex
2909 2816 3198 2882 XXXIV.

644 2929 863 2987 autem
922 2921 1214 2985 oratione
1269 2917 1633 2985 adscribam
1703 2915 1902 2981 verba
1963 2918 2414 2998 cognominata
2475 2916 2661 2982 haec:
2725 2914 3037 2999 ἐξετάζειν
3086 2917 3199 2984 καὶ

643 3023 1173 3109 παρακολουθεῖν
1243 3020 1356 3104 (=
1420 3020 1743 3100 „scrutari
1805 3024 1871 3082 et
1929 3019 2289 3100 vestigare“
2365 3019 2442 3083 cf.
2503 3020 2713 3085 Reisk.
2778 3023 2864 3085 ad
2922 3026 3067 3100 909,
3122 3021 3199 3107 17)

643 3132 680 3205 ξ
715 3129 774 3202 8,
811 3125 1093 3209 παροῦσι
1115 3161 1200 3170 —-
1221 3121 1335 3187 καὶ
1361 3122 1766 3188 συνδικοῦσιν
1787 3125 1827 3203 ξ
1859 3123 1957 3198 12,
2006 3112 2436 3207 ἀπόπληκτον
2462 3160 2543 3168 -
2578 3120 2691 3185 καὶ
2722 3161 2799 3169 -
2824 3120 3201 3206 μαινόμενον

641 3232 680 3310 ἓ
725 3230 822 3306 16,
867 3220 1005 3313 ὄργῗ
1070 3265 1149 3273 -
1202 3223 1316 3289 καὶ
1367 3220 1648 3309 τιμωρία
1701 3227 1740 3305 ἓ
1797 3225 1896 3306 19,
1952 3214 2303 3299 ἀκινδύνως
2356 3221 2469 3287 καὶ
2526 3216 2955 3304 ἀναισχύντως
3005 3230 3044 3305 ἓ
3103 3227 3196 3303 19,

643 3324 1151 3416 ἀγανακτοῦντος
1195 3366 1277 3375 -
1318 3326 1431 3391 καὶ
1478 3322 1958 3409 σχετλιάζοντος
1995 3326 2035 3404 ξ
2072 3327 2171 3401 19,
2214 3321 2653 3388 συνέπλευσαν
2690 3362 2759 3371 --
2798 3324 2911 3390 καὶ
2958 3322 3197 3412 προσή-

645 3431 860 3517 δρευον
910 3434 950 3512 ξ
1009 3434 1107 3509 26,
1166 3423 1379 3516 ορθῶς
1430 3427 1543 3493 καὶ
1600 3424 1873 3503 δικαίως
1924 3429 1964 3507 ξ
2017 3429 2119 3499 29,
2166 3447 2245 3489 ex
2306 3426 2464 3491 LVL
2511 3426 2697 3492 haec:
2759 3448 3027 3512 φανερον
3086 3449 3198 3490 και

641 3528 1139 3619 ομολογούμενον
1167 3536 1207 3614 ξ
1240 3537 1336 3613 1,·
1343 3525 1831 3618 γραμματειδίῳ
1876 3566 1958 3575 ——
1996 3526 2110 3591 καὶ
2140 3524 2449 3613 βιβλιδίῳ
2492 3527 2744 3611 (ambas
2774 3551 2957 3594 voces
3001 3551 3199 3593 unum

639 3638 937 3718 idemque
995 3635 1354 3718 significare
1406 3634 1480 3700 G.
1532 3633 1612 3697 H.
1669 3630 2048 3697 Schaeferus
2103 3631 2187 3694 ad
2242 3631 2427 3708 1283,
2431 3655 2455 3693 a
2508 3636 2679 3694 recte
2735 3632 2891 3695 mihi
2946 3632 3207 3705 videtur,

641 3739 916 3820 opinari3
960 3737 1074 3802 sed
1119 3736 1195 3801 cf.
1227 3737 1447 3802 Meieri
1490 3743 1556 3799 et
1587 3733 2017 3801 Schoemanni
2048 3732 2088 3795 1.
2137 3734 2218 3797 de
2260 3734 2383 3797 litt.
2416 3739 2535 3813 att..
2565 3731 2759 3817 (nova
2790 3734 2941 3797 edit.
2974 3733 3198 3818 Lipsii)

639 3861 700 3921 p.
727 3841 937 3904 68511.
964 3839 1118 3924 562)
1163 3844 1203 3918 ἓ
1233 3843 1286 3917 1,
1336 3834 1625 3921 δεόμεθα
1671 3832 1784 3899 καὶ
1830 3829 2191 3916 ἱκετεύομεν
2233 3838 2354 3915 ξ4,
2402 3824 2709 3919 ἱπερέται
2760 3832 2873 3898 καὶ
2917 3829 3199 3919 συνεργοί

639 3945 676 4021 ξ
704 3945 759 4019 7,
805 3938 1172 4005 ἐπιστολῶν
1209 3937 1324 4004 καὶ
1370 3940 1708 4025 συνεργιῶν
1747 3941 1787 4019 ξ
1833 3940 1891 4015 9,
1937 3928 2445 4018 ἀγανακτοῦντος
2491 3974 2575 3983 -
2626 3934 2740 3999 καὶ
2787 3932 3201 4022 ἐγκαλοῦντος

638 4045 678 4123 ξ
719 4046 817 4119 11,
863 4038 1222 4119 αἰτιᾶσθαι
1277 4040 1390 4106 καὶ
1437 4039 1642 4127 λέγειν
1684 4043 1724 4121 ξ
1771 4042 1871 4116 11,
1927 4033 2332 4123 διέφθαρται
2374 4076 2454 4085 —-
2498 4036 2611 4101 καὶ
2658 4032 2966 4103 ἀπόλωλε
3010 4042 3049 4119 ξ
3098 4041 3196 4115 32,

640 4166 885 4223 εχοντες
920 4141 1033 4207 καὶ
1072 4140 1506 4263 καρπούμενοι
1537 4146 1577 4223 ξ
1609 4145 1711 4220 34,
1760 4134 2105 4221 ἀξιούντων
2132 4178 2214 4187 ——
2246 4138 2361 4203 καὶ
2405 4136 2990 4225 προκαλεσαμένων
3023 4144 3061 4221 ξ
3096 4142 3194 4216 40,

641 4267 851 4325 εχουσι
901 4284 980 4291 -
1026 4242 1139 4309 καὶ
1186 4246 1463 4330 χρῶνται
1525 4248 1563 4325 ξ
1613 4246 1714 4322 45,
1774 4237 2145 4328 συγγραφὰς
2203 4239 2319 4304 καὶ
2385 4238 2504 4318 τὰς
2562 4235 2908 4326 ομολογίας
2948 4246 2986 4323 ξ
3032 4244 3129 4306 48.
3144 4240 3198 4325 1)

809 4347 1140 4431 Apparet
1122 4369 1189 4410 111
1236 4346 1636 4411 orationibus
1663 4344 1956 4409 XXXIV.
1988 4350 2054 4407 et
2083 4342 2241 4407 LVI.
2268 4343 2461 4407 verba
2504 4344 2953 4425 cognominata
2995 4343 3195 4407 multo

638 4448 1076 4532 frequentiora
1125 4470 1280 4528 esse,
1323 4469 1520 4531 quam
1574 4450 1640 4512 in
1690 4448 1981 4513 oratione
2032 4442 2329 4508 XXXIII.
2433 4443 2612 4507 Idem
2656 4444 2826 4508 valet
2870 4444 2951 4509 de
2995 4444 3197 4509 altera

780 4707 822 4774 ¹)
860 4707 1115 4760 Consulto
1153 4705 1312 4759 omIsi
1346 4705 1456 4773 ἐμᾳ
1471 4706 1574 4769 ανῆ
1611 4706 1704 4753 καὶ
1749 4702 2017 4769 ἀνέπαᾳα
2056 4701 2117 4766 ἐξ
2156 4705 2220 4755 38
2259 4699 2395 4767 (bis)
2433 4703 2491 4752 et
2528 4704 2611 4767 40,
2658 4715 2785 4752 nam
2828 4715 2859 4753 e
2896 4698 3197 4769 syngrapha

639 4792 771 4845 haec
807 4792 970 4845 verba
1006 4796 1190 4846 orator
1223 4791 1428 4861 petisse
1460 4789 1736 4857 putandus
1773 4790 1875 4841 est.
