3667 5250
1793 304 2208 367 „22.-.

725 504 1012 593 δεύτερον
1055 502 1197 583 ἔτος
1239 503 1418 571 τουτὶ
1466 504 1905 592 καρπούμενος
1944 503 2028 571 τὰ
2072 501 2391 594 ἡμέτερα,
2426 505 2542 572 καὶ
2586 505 2743 591 &cuv
2782 508 2859 576 τό
2906 535 2977 576 τε
3028 507 3278 579 δάνειον

723 608 837 674 καὶ
885 606 999 696 τὴν
1049 605 1355 695 ἐργασίαν
1405 607 1519 674 καὶ
1585 605 1699 697 τὴν
1762 612 1940 690 ναῦν,
2007 613 2065 675 9.
2130 606 2360 697 ἐπειδὴ
2404 603 2439 675 ὃ
2494 607 2831 690 Σικελικὸς
2896 611 3277 693 κατάπλους

723 708 968 798 ἐγένετο
1026 709 1142 775 καὶ
1201 705 1271 775 αἱ
1330 708 1520 794 τιμαὶ
1564 714 1678 778 τοῦ
1719 709 1905 778 σίτου
1964 709 2072 777 ἐπ’
2119 705 2386 777 ἔλαττον
2446 709 2743 796 ἐβάδιζον
2793 713 2907 780 καὶ
2962 710 3001 804 ᾗ
3050 718 3202 795 ναῦς
3238 712 3271 804 ἦ

720 812 962 880 τούτων
1005 808 1255 901 ἀνῆκτο.

891 918 1138 983 Similia
1177 919 1352 1000 apud
1397 917 1705 983 orationis
1747 912 2043 980 XXXIII.
2088 918 2465 998 scriptorem
2504 940 2823 1001 nusquam
2865 921 3187 1005 leguntur.

890 1037 1080 1102 Hunc
1125 1044 1454 1103 auctorem
1497 1037 1701 1101 multo
1747 1036 2163 1100 curiosiorem
2202 1057 2337 1102 esse
2371 1039 2827 1122 complexionis
2870 1063 3066 1124 quam
3108 1065 3271 1122 eum,

719 1161 911 1222 quem
965 1141 1286 1205 orationes
1337 1138 1625 1203 XXXIV.
1675 1145 1742 1203 et
1783 1137 1947 1203 LVI.
1992 1139 2419 1220 composuisse
2468 1142 2834 1224 opinamur,
2886 1144 3273 1212 luculentius

717 1243 911 1307 etiam
955 1241 1321 1325 apparebit,
1385 1263 1533 1306 cum
1591 1241 1670 1304 de
1716 1240 2033 1304 dicendi
2093 1239 2694 1308 difficultatibus
2735 1246 3273 1329 disputaverimus

719 1345 1095 1427 singulaque
1145 1343 1290 1426 plus
1343 1345 1632 1408 minusve
1692 1344 1923 1408 vitiosa
1982 1362 2061 1406 ex
2116 1344 2671 1427 paragraphorum
2719 1349 2995 1415 maxime
3050 1353 3271 1417 ordine

714 1449 1314 1512 enumeraverimus.

884 1565 960 1629 In
1003 1586 1092 1630 or.
1135 1563 1426 1629 XXXIII.
1484 1570 1521 1643 ξ
1567 1567 1650 1629 20
1702 1563 2046 1630 verborum
2094 1564 2728 1647 comprehensionem
2776 1567 3059 1635 hiulcam
3108 1571 3269 1639 fieri,

714 1690 862 1733 cum
901 1668 1004 1733 his
1044 1668 1201 1733 locis
1246 1668 1504 1750 genitivi
1558 1666 1841 1731 absoluti
1890 1686 2047 1745 „nec
2101 1667 2547 1732 coniunctione
2601 1671 2924 1736 coniuncti
2979 1675 3109 1738 sint
3152 1697 3270 1740 nec

712 1770 878 1834 alter
922 1769 1004 1834 ab
1049 1770 1254 1835 altero
1300 1769 1680 1852 pendeant“,
1727 1769 1977 1833 Schulz.
2024 1769 2093 1853 (l.
2133 1769 2173 1833 l.
2219 1790 2281 1851 p.
2327 1771 2439 1853 82)
2484 1778 2659 1837 recte
2703 1775 2883 1839 dixit.

882 1888 1176 1967 XXXIII,
1225 1889 1305 1951 23
1352 1888 1450 1953 bis
1480 1893 1578 1952 est
1608 1888 1865 1972 πρῶτον
1899 1884 2047 1971 μέν,·
2091 1889 2350 1971 utrique
2380 1896 2599 1956 autem
2626 1895 2983 1976 particulae
3020 1897 3270 1963 nullum

715 1988 951 2056 ἔπειτα
994 1992 1096 2056 vel
1149 1991 1352 2056 simile
1407 1991 1563 2072 quid
1615 1990 1976 2072 respondet.
2085 1990 2333 2056 Eodem
2384 1993 2538 2058 vitio
2592 1994 2893 2062 laborant
2949 2002 3271 2066 orationes

711 2094 998 2159 XXXIV.
1043 2101 1111 2158 et
1131 2093 1316 2172 LVI.,
1358 2093 1453 2157 ita
1495 2093 1772 2174 quidem,
1819 2099 1894 2157 ut
1937 2099 2003 2157 et
2048 2100 2197 2158 ante
2242 2102 2308 2158 et
2351 2102 2498 2178 post
2539 2099 2894 2179 particulas
2937 2123 3271 2169 enumera-

709 2199 873 2263 tivas
917 2198 1325 2275 omittantur,
1379 2216 1545 2278 quae
1591 2196 1669 2259 iis
1709 2196 2171 2279 respondeant:
2225 2196 2514 2278 XXXIV,
2570 2203 2671 2266 34.
2735 2196 2812 2266 τὸ
2852 2199 2971 2285 μὲν
3012 2207 3271 2293 πρῶτον

711 2339 795 2347 -
833 2295 1078 2384 (gaudi
1114 2298 1226 2382 δέ),
1270 2302 1370 2365 29.
1426 2299 1684 2384 πρῶτον
1727 2293 1801 2362 δὲ
1845 2337 1943 2377 —-,
1994 2298 2153 2374 LVI,
2197 2302 2298 2366 23.
2346 2301 2614 2388 ,πρῶτον
2654 2299 2773 2386 μὲν
2812 2334 2935 2386 —-·‚·
2977 2307 3267 2387 XXXIV,

713 2408 947 2469 41.·—
998 2398 1094 2468 ἔτι
1150 2398 1223 2466 δέ
1270 2440 1352 2449 —-
1403 2396 1570 2488 πρὸς
1616 2396 1689 2464 δὲ
1739 2396 2011 2480 τούτοις,
2069 2401 2229 2481 LVI,
2287 2403 2325 2467 '8
2382 2411 2448 2468 et
2504 2408 2601 2470 18.
2673 2445 2743 2452 —
2798 2399 2970 2489 εἶτα,
3020 2415 3119 2477 40.
3188 2452 3265 2460 -

714 2501 968 2593 ἔπειτα.

881 2626 1176 2710 XXXIII,
1202 2629 1302 2703 35,
1327 2625 1438 2690 ubi
1463 2623 1650 2689 haec:
1696 2618 1772 2688 τὸ
1813 2619 1887 2687 δὲ
1930 2618 2306 2710 κεφάλαιον,
2354 2621 2517 2713 πρὸς
2560 2623 2673 2710 ἐμὲ
2714 2622 2845 2696 οὔδ’
2876 2626 3267 2723 ἐπιχειρήσει

712 2727 941 2814 λέγειν,
995 2735 1142 2812 post
1190 2727 1386 2793 verba
1431 2750 1488 2791 τ.
1535 2725 1592 2791 δ.
1637 2748 1694 2789 κ.
1747 2731 2042 2807 coeptam
2102 2733 2495 2793 structuram
2550 2732 2760 2795 omitti
2815 2734 3052 2801 dixerit
3099 2741 3272 2820 quis-

710 2832 902 2914 piam.
993 2830 1305 2896 Graviora
1349 2836 1568 2894 autem
1612 2828 1906 2911 exempla
1950 2835 2316 2894 structurae
2360 2831 2445 2896 ad
2491 2831 2689 2898 finem
2740 2857 2869 2901 non
2918 2840 3268 2921 perductae

713 2940 1061 2998 occurrunt
1082 2933 1238 2999 locls
1267 2932 1396 2997 his.
1441 2932 1601 3011 LVI,
1641 2935 1734 2996 10.
1768 2928 2010 3017 πέρας
2043 2930 2101 2995 δ’
2132 2955 2273 3011 ουν,
2312 2930 2564 3016 λαβὼν
2594 2932 2731 3021 γὰρ
2763 2962 2799 3003 ο
2826 2939 3266 3027 Παρμενίσ-

711 3061 842 3116 κος
907 3076 988 3087 --
1045 3034 1470 3123 ἐξαιρεῖται
1532 3033 1638 3119 (cf.
1686 3032 1762 3099 G.
1809 3033 1891 3099 H.
1938 3034 2184 3100 Schaef.
2239 3036 2326 3101 ad
2371 3038 2556 3115 1285,
2586 3062 2653 3118 2'1,
2719 3039 3025 3109 Schwarz
3097 3047 3159 3111 d.
3224 3048 3266 3113 l.

710 3163 815 3224 pp.
867 3140 1167 3226 10—11),
1236 3141 1332 3203 12.
1379 3131 1648 3223 ἐπειδη
1710 3135 1768 3200 δ’
1831 3129 2049 3201 ουδὲν
2107 3131 2611 3223 ἐπεραίνομεν
2660 3176 2762 3223 ——‚
2824 3137 3023 3211 ἀλλὰ
3074 3144 3150 3215 τό
3200 3172 3268 3235 γε

713 3241 963 3308 δάνειον
992 3280 1084 3291 -q
1113 3267 1146 3305 7
1122 3236 1462 3323 ’ξιουμεν
1510 3231 1970 3329 ἀπολαβεῖν,
2009 3240 2131 3304 nisi
2169 3239 2335 3306 forte
2367 3262 2515 3307 cum
2551 3244 2809 3313 Reiskio
2838 3247 2951 3334 (ad
2987 3253 3267 3340 1286,11)

713 3339 881 3409 ἄλλά
941 3344 1065 3409 hoc
1126 3308 1264 3409 loco
1325 3362 1456 3406 non
1518 3362 1654 3406 esse
1711 3342 2097 3423 particulam
2168 3343 2661 3433 adversativam,
2732 3352 2848 3415 sed
2910 3354 3265 3437 significare

711 3449 997 3527 saltim,
1051 3448 1464 3523 minimum,
1517 3446 1578 3509 si
1633 3442 1826 3508 nihil
1874 3445 2112 3522 aliud,
2166 3444 2307 3510 hoc
2350 3452 2606 3513 tamen
2647 3451 2849 3532 dicas,
2909 3458 3007 3520 17.
3054 3456 3187 3522 καὶ
3224 3451 3267 3524 c6

713 3546 1022 3614 πάντων
1090 3546 1256 3613 ἐστὶ
1332 3541 1793 3623 δεινότατον,
1866 3533 1919 3609 ὦ
1996 3538 2078 3610 οἷ’.
2145 3546 2225 3627 δ.,
2296 3539 2417 3612 ότι
2496 3545 2687 3630 αὗτὸς
2755 3552 2874 3639 μὲν
2940 3544 3121 3638 οὗτος
3194 3599 3259 3607 -

713 3649 1201 3738 εἰσπράττει,
1267 3689 1352 3698 -
1418 3642 1568 3735 ἡμῖν
1629 3644 1702 3711 δὲ
1757 3686 1842 3695 -
1906 3672 2018 3713 ουκ
2074 3644 2280 3715 οιέται
2340 3650 2475 3716 δεῖν
2532 3693 2634 3734 -,
2699 3660 2800 3723 29.
2869 3684 2934 3725 οι
3000 3658 3264 3750 γὰρ-

713 3752 1210 3831 δανείσαντες
1239 3792 1340 3832 -,
1388 3745 1632 3829 οἰδὲν,
1676 3740 1881 3833 οἶμαι,
1926 3749 2277 3839 διέφερεν
2322 3746 2586 3833 αυτοῖς
2629 3759 2734 3842 (cf.
2784 3760 2858 3827 G.
2902 3763 2981 3827 H.
3016 3764 3264 3831 Schaef.

711 3861 797 3925 ad
843 3861 1027 3935 1291,
1056 3859 1152 3945 ετ),
1199 3860 1300 3922 31.
1351 3851 1490 3919 ἔστι
1525 3890 1605 3901 -
1635 3849 1871 3917 λοιπὸν
1910 3851 2170 3936 διδάξαι
2216 3857 2404 3921 τοῖτο
2447 3856 2559 3923 καὶ
2610 3900 2706 3925 -.

882 3979 1167 4055 XXXIV,
1211 3982 1269 4054 2,
1314 3974 1425 4039 ubi
1465 3974 1728 4055 legitur:
1778 3966 1927 4037 οὐδ’
1984 3968 2071 4038 ἂν
2120 3976 2243 4039 νῦν
2299 4014 2366 4021 -
2425 3971 2556 4043 οὒκ
2599 3972 2687 4045 «²222»
2726 3978 2889 4049 ποτ’
2940 3982 3261 4073 ἐλάχομεν,

714 4090 1040 4149 structura
1082 4081 1401 4156 turbatur,
1451 4075 1627 4158 quod
1672 4075 1883 4140 denuo
1926 4078 2150 4161 incipit
2192 4078 2415 4144 oratio.

885 4201 1169 4279 XXXIV,
1247 4201 1286 4264 8
1354 4198 1519 4262 mira
1587 4196 1866 4260 occurrit
1944 4199 2217 4262 mutatio
2292 4204 2544 4264 numeri
2614 4206 3022 4276 substantivi.
3110 4207 3265 4293 ἔχων

716 4300 1145 4380 επιστολὰς
1176 4342 1278 4380 -‚
1325 4323 1401 4375 ag
1445 4293 1632 4361 ἔδωκ’
1680 4290 1856 4382 αυτῷ
1894 4336 2002 4379 -·,
2049 4296 2308 4385 γράψας
2353 4297 2421 4364 ἐν
2460 4327 2533 4366 τ7
2584 4302 2955 4399 ἕπιστολῖ
3002 4352 3099 4394 -,
3144 4310 3264 4392 τὰς

713 4407 830 4494 μὲν
873 4401 1301 4481 ἐπιστολὰς
1355 4424 1468 4467 ουκ
1511 4392 1939 4466 ἀποδίδωσιν.
2039 4402 2344 4491 Similiter
2397 4406 2573 4472 verbi
2622 4433 2925 4480 numerus
2972 4425 3262 4482 mutatur

714 4512 872 4591 LVI
921 4514 1029 4577 10·
1090 4504 1306 4592 λαβὼν
1345 4500 1464 4589 γὰρ
1509 4525 1543 4566 ο
1588 4500 2042 4587 Παρμενίσκος
2108 4544 2189 4552 -
2248 4503 2363 4569 καὶ
2424 4509 2868 4598 πυθόμενος
2925 4556 2999 4565 -
3056 4516 3260 4601 εξαι-

714 4619 970 4701 ρεῖται
1011 4610 1123 4679 τὸν
1163 4615 1343 4677 σῖτον
1371 4646 1456 4655 -—
1494 4597 1684 4669 κάκεῖ
1722 4600 2230 4686 ἀποδίδοται,
2271 4614 2993 4706 καταφρονήσαντες
3036 4624 3260 4707 (κατα-

716 4715 1035 4807 φρονίσας
1075 4719 1146 4782 A.
1187 4717 1263 4798 r.)
1304 4708 1420 4797 μὲν
1466 4747 1545 4756 --
1589 4712 2023 4805 καταφροντ
2040 4737 2312 4801 σαντες
2363 4721 2435 4789 δὲ
2485 4722 2590 4809 (cf.
2640 4722 2715 4788 G.
2756 4725 2835 4788 H.
2885 4723 3130 4790 Schaef.
3177 4726 3261 4789 ad

725 4825 947 4907 1286‚2
987 4829 1053 4886 et
1092 4819 1403 4886 Schwarz.
1448 4837 1509 4898 p.
1553 4820 1680 4910 13),
