3667 5250
1561 339 1624 350 ..-
1725 301 1971 369 31...-

363 562 370 566 .
655 503 755 569 Ex
806 503 1016 570 verbis
1069 528 1269 570 unum
1307 506 1434 570 huo
1487 507 1845 572 retulerim:
1912 507 1985 572 δι
2001 503 2061 570 ά’
2093 512 2655 593 praepositionem,
2726 530 2891 591 quae
2943 516 3041 576 est

449 606 547 671 .in
595 626 686 670 or.
739 604 1030 671 XXXIII.
1095 628 1240 672 oum
1307 611 1668 675 accusativo
1727 614 1809 689 ἓξ
1858 613 2032 689 5ter,
2093 615 2149 690 7,
2210 613 2267 689 8,
2324 615 2424 691 20,
2470 616 2571 689 24,
2629 613 2710 678 25
2752 611 2869 690 bis,
2935 614 3037 691 37,

485 708 584 786 38,
616 729 764 771 oum
783 710 1058 790 genitivo
1083 714 1163 789 ἓξ
1196 712 1255 794 8,
1284 713 1379 789 10,
1428 713 1528 791 28,
1570 713 1638 776 in
1681 733 1776 776 or.
1819 710 2108 777 XXXIV.
2152 735 2296 778 cum
2326 715 2686 780 accusativo
2731 718 2812 794 ἓξ
2846 717 2903 792 8,
2936 717 3038 798 21,

482 811 548 873 in
573 797 664 874 or.
681 809 840 875 LVI.
862 832 1008 875 cum
1030 815 1390 878 accusativo
1415 818 1497 894 ἓξ
1525 815 1618 893 13,
1641 819 1741 893 21,
1767 819 1869 892 24,
1894 817 1996 899 32,
2025 818 2125 894 40,
2156 819 2377 895 42ter,
2403 837 2550 881 oum
2572 818 2845 898 genitivo
2872 821 2911 899 ἓ
2935 821 3037 884 46.

652 912 1057 993 Locutiones,
1116 936 1280 997 quae
1325 919 1576 999 saepius
1618 924 2016 1000 usurpantur
2065 920 2131 982 in
2174 920 2461 985 oratione
2504 918 2797 984 XXXIII.
2845 941 3039 1002 quam

483 1015 565 1080 ab
596 1019 976 1081 -orationum
1020 1016 1305 1082 XXXIV.
1349 1024 1415 1082 et
1456 1018 1614 1084 LVI.
1660 1027 1949 1098 auctore,
1992 1026 2145 1085 sunt
2182 1020 2331 1085 haez

653 1114 832 1182 ἐστὶν
875 1111 990 1205 ἀφ’
1036 1105 1107 1183 οὗ
1150 1123 1188 1198 ξ
1220 1123 1278 1199 4,
1342 1117 1390 1183 ἑ.
1436 1113 1620 1198 ὅστις
1663 1127 1702 1201 ἓ
1732 1127 1814 1188 26
1853 1128 1919 1187 et
1947 1123 2047 1201 33,
2118 1119 2167 1186 έ.
2212 1115 2396 1200 ὅπως
2436 1125 2607 1214 §28,
2655 1119 2703 1187 ἕ.
2750 1115 2821 1201 ὅς
2866 1130 2904 1205 ἓ
2936 1127 3037 1204 34,

483 1215 661 1285 ἔστιν
705 1209 811 1285 οἶν
870 1260 954 1268 --
1017 1208 1200 1299 οὗτος
1243 1215 1277 1287 ὃ
1324 1214 1678 1309 ἅνθρωπος
1731 1263 1814 1274 -—-
1873 1217 1944 1302 ὅς
1984 1224 2274 1304 XXXIV,
2320 1229 2421 1304 25,
2456 1218 2686 1290 ’'Eovw
2730 1215 2836 1290 οὖν
2878 1220 3037 1292 ὅποι

479 1323 640 1402 LVI,
687 1326 787 1389 39.
1586 1393 1592 1397 .

670 1422 781 1502 εἰς
823 1427 1045 1490 τοῦτο
1089 1424 1354 1492 ἐλθεῖν
1397 1448 1449 1492 0.
1502 1449 1640 1510 gen.
1687 1427 1913 1515 (sim.):
1965 1429 2260 1510 XXXIII,
2310 1432 2409 1509 19,
2449 1434 2559 1508 223
2616 1429 2717 1496 011.
2762 1435 2843 1510 ἓξ
2888 1436 2926 1497 6
2974 1438 3039 1495 et

489 1533 594 1608 123
634 1528 793 1607 LVI,
841 1531 898 1594 3.

575 1689 583 1695 .
651 1626 848 1712 ἔχειν
911 1633 1322 1696 coniunctum
1373 1653 1520 1696 oum
1567 1633 1911 1699 adverbiis:
1981 1634 2275 1713 XXXIII,
2334 1638 2371 1700 5
2400 1634 2517 1714 bis,
2561 1637 2620 1713 8,
2668 1637 2745 1700 18
2771 1634 2887 1714 bis,
2934 1639 3036 1718 25,

479 1734 637 1811 LVI,
681 1736 777 1812 18,
811 1736 911 1810 31,
958 1737 1041 1797 44
1068 1732 1193 1809 bi83
1239 1733 1340 1798 011.
1375 1730 1629 1812 ὀἰκείως
1663 1738 1949 1823 χρῆσθαι
1985 1736 2281 1815 XXXIII,
2331 1741 2387 1816 5,
2417 1761 2510 1822 χρ.
2557 1739 2692 1802 Sine
2716 1737 3035 1804 'adverbio

478 1835 772 1916 XXXIII,
821 1841 877 1913 7,
923 1829 1311 1921 ὕβριστικῶς
1349 1860 1442 1922 χρ.
1487 1836 1650 1915 LVI,
1689 1843 1782 1916 12,
1830 1833 2121 1925 εὐπόρως
2160 1839 2549 1904 διακεῖσθαι
2594 1838 2889 1920 XXXIII,
2926 1844 3035 1918 253

647 1935 837 2022 μετὰ
880 1939 1122 2002 ταῦτα
1167 1937 1460 2018 XXXIII,
1507 1942 1566 2018 9,
1616 1944 1712 2019 13,
1763 1944 1862 2019 16,
1908 1945 2007 2020 20,
2053 1941 2343 2019 XXXIV,
2398 1946 2493 2021 10,
2542 1943 2640 2020 18,
2686 1942 2847 2020 LVI,
2894 1943 3035 2008 901.

477 2037 552 2105 τὸ
594 2037 760 2123 μετὰ
805 2041 993 2104 τοῦτο
1034 2039 1195 2119 LVI,
1242 2044 1325 2106 40
1371 2048 1437 2106 et
1479 2046 1590 2120 433
1649 2085 1664 2098 ·

649 2145 1101 2207 ποιεῖσθαιε
1146 2137 1222 2207 τὸ
1275 2140 1668 2227 συμβόλαιον
1711 2144 2007 2225 XXXIII,
2050 2148 2108 2224 8,
2165 2139 2323 2233 ὠνήν
2372 2144 2526 2210 ibid.
2570 2149 2632 2231 8,
2694 2139 3037 2234 ἀπόφασιν

475 2244 626 2309 ibid.
674 2249 774 2322 21,
821 2237 1184 2330 ἀπολογίαν
1225 2245 1378 2311 ibid.
1427 2250 1528 2326 22,
1573 2243 1695 2324 τὰς
1737 2240 2132 2334 ἀπαιτήσεις
2176 2248 2333 2313 ibid.
2375 2252 2474 2327 26,
2519 2245 2705 2335 λόγον
2746 2249 2899 2314 ibid.
2934 2255 3035 2330 26,

478 2344 788 2433 πρόνοιαν
848 2347 1008 2412 ibid..
1062 2350 1162 2426 28,
1234 2343 1348 2434 τὴν
1413 2347 1842 2438 παραγραφήν
1902 2351 2055 2416 ibid.
2134 2353 2233 2430 35,
2307 2346 2420 2438 τὴν
2481 2351 2656 2438 λῆξιν
2714 2352 2867 2417 ibid.
2932 2357 3032 2433 35,

479 2447 847 2537 συγγραφάς
888 2449 1038 2514 ibid.
1074 2452 1177 2527 36,
1223 2445 1334 2514 τὸν
1376 2445 1626 2536 ἔλεγχον
1665 2452 1817 2517 ibid.
1850 2456 1951 2532 36,
2001 2446 2339 2535 ἀπόδειξιν
2368 2454 2519 2519 ibid.
2552 2457 2662 2533 37,
2710 2452 3037 2543 συνθήκας

475 2553 763 2632 XXXIV,
811 2558 869 2633 5,
911 2549 1201 2639 μάρτυρα
1245 2552 1379 2617 ibid
1417 2555 1518 2631 31,
1587 2551 1915 2643 μάρτυρας
1955 2555 2118 2645 ibid.
2163 2559 2261 2637 31,
2322 2553 2690 2644 συγγραφάς
2728 2556 2882 2621 ibid.
2930 2562 3031 2637 32,

475 2652 758 2743 κήρυγμα
818 2655 970 2720 ibid.
1016 2658 1116 2735 36,
1187 2652 1581 2740 συμβόλαιον
1630 2658 1784 2723 ibid.
1836 2662 1938 2738 43,
2009 2658 2219 2723 πλοῦν
2281 2659 2438 2739 LVI,
2485 2664 2586 2740 27,
2655 2657 3037 2744 ἐπιμέλειαν

472 2759 627 2823 ibid.
676 2761 774 2824 50.

645 2860 885 2926 Contra
931 2883 1080 2927 raro
1123 2864 1189 2927 in
1234 2862 1531 2927 XXXIII.
1579 2865 1887 2941 oratione,
1934 2884 2122 2946 saepe
2168 2865 2233 2927 in
2279 2863 2569 2929 XXXIV.
2610 2872 2676 2929 et
2718 2865 2877 2931 LVI.
2925 2868 3035 2931 de-

473 2963 961 3044 prehenduntur
1003 2963 1126 3029 hae
1166 2964 1456 3048 phrasesz

646 3070 932 3132 ποιεῖνε
989 3062 1169 3132 οὐδὲν
1211 3063 1330 3148 ἔξω
1388 3068 1515 3131 τῶν
1574 3107 1656 3115 -
1717 3064 2163 3153 γεγραμμένων
2188 3067 2494 3147 XXXIV,
2540 3072 2598 3147 3,
2649 3066 2733 3133 τὰ
2782 3068 3031 3157 συγκεί-

472 3190 632 3251 μενα
677 3169 828 3232 ibid.
858 3173 916 3247 4,
958 3165 1044 3232 τὰ
1074 3165 1472 3255 γεγραμμένα
1508 3170 1661 3235 ibid.
1695 3174 1751 3250 7,
1802 3164 1983 3235 οὐδὲν
2014 3172 2141 3235 τῶν
2175 3167 2449 3235 δικαίων
2485 3170 2640 3236 ibid.
2676 3176 2775 3251 13,
2817 3171 3032 3238 πλείω

473 3272 602 3335 τῶν
656 3266 930 3334 δικαίων
992 3270 1144 3335 ibid.
1183 3274 1284 3350 27,
1346 3271 1423 3336 01.
1489 3274 1761 3358 πρᾶγμα
1809 3271 1963 3336 ibid.
2018 3276 2088 3351 63
2146 3268 2230 3335 τὰ
2298 3269 2529 3338 δίκαια
2590 3275 2747 3354 LVI,
2802 3281 2855 3354 1,
2901 3279 3029 3341 τῶν

474 3368 748 3438 δικαίων
789 3366 969 3439 οὐδέν
1003 3373 1156 3438 ibid.
1208 3377 1304 3452 17,
1351 3372 1426 3437 ol.
1471 3397 1538 3437 τι
1580 3370 1764 3459 παρὰ
1805 3370 1918 3461 τὴν
1959 3372 2319 3463 συγγραφήν
2343 3376 2497 3441 ibid.
2523 3378 2603 3443 38
2616 3402 2633 3455 ;
2677 3374 2761 3441 τὰ
2795 3374 3026 3444 δίκαια

417 3498 422 3503 ·
472 3475 768 3555 XXXIII,
816 3479 918 3542 28.

643 3574 728 3643 τό
773 3582 832 3663 (τ
844 3575 906 3663 o‘c)
953 3579 1350 3645 substantivi·
1394 3578 1564 3643 loco:
1630 3574 1704 3642 τὸ
1751 3574 1822 3658 ἐξ
1876 3570 2066 3665 ἀρχῆς
2125 3578 2417 3658 XXXIV,
2464 3584 2566 3659 47,
2624 3583 2737 3667 τῆς
2790 3578 3032 3648 ἐκείνου

472 3676 826 3767 μαρτυρίας
856 3678 931 3746 τὸ
959 3678 1078 3764 μὲν
1117 3718 1208 3728 --
1251 3676 1326 3746 τὸ
1363 3678 1437 3746 δέ
1478 3681 1629 3745 ibid.
1679 3684 1779 3758 49,
1825 3677 1910 3744 τὰ
1944 3675 2186 3746 ἑαυτῶν
2227 3682 2379 3746 ibid.
2428 3687 2527 3761 52,
2574 3684 2650 3748 01.
2680 3686 2871 3751 τοῦτο
2912 3684 3030 3769 μὲν

474 3784 586 3869 τῆς
616 3785 976 3870 συγγραφῆς
1010 3784 1162 3850 ibid.
1188 3787 1298 3862 333
1341 3780 1425 3847 τὰ
1469 3781 1620 3869 περὶ
1665 3778 1777 3847 τὸν
1815 3784 2013 3847 σῖτον
2035 3783 2195 3861 LVI,
2230 3787 2288 3863 8,
2330 3781 2406 3849 τὸ
2437 3781 2601 3871 πρὸς
2643 3784 2833 3873 μέρος
2875 3788 3028 3853 ibid.

477 3888 574 3963 12,
618 3881 692 3948 τὸ
737 3883 891 3971 περὶ
931 3881 1044 3973 τὴν
1088 3879 1322 3974 ἄφεσιν
1369 3886 1521 3950 ibid.
1579 3888 1680 3963 28,
1733 3880 1818 3948 τὰ
1873 3878 2117 3949 ἑαυτῶν
2168 3886 2319 3952 ibid.
2362 3889 2445 3952 48
2490 3895 2555 3952 et
2600 3890 2699 3967 50,
2748 3890 2825 3955 01.
2872 3884 3030 3955 αὐτὸ

473 3988 661 4051 τοῦτο
721 3983 828 4071 [τὸ
881 3986 949 4051 F.
1005 3987 1066 4052 S.
1107 3986 1212 4070 Q.]
1263 3989 1376 4075 τῆς
1431 3988 1790 4074 συγγραφῆς
1842 3986 1995 4052 ibid.
2049 3990 2159 4066 383
2219 3985 2293 4053 τὸ
2346 3986 2463 4072 μὲν
2516 3992 2628 4077 τῆς
2668 3988 3032 4080 ἐπιτροπῆς

475 4089 770 4167 XXXIII,
822 4094 918 4155 19.

646 4192 1030 4274 Progredior
1071 4191 1155 4255 ad
1199 4195 1547 4257 sententias
1585 4198 1652 4258 et
1693 4191 2021 4259 formulas.
2109 4193 2313 4257 Valde
2343 4194 2409 4257 in
2439 4194 2681 4259 deliciis
2706 4202 2803 4261 est
2833 4198 3031 4279 scrip-

473 4296 600 4358 tori
643 4296 1004 4359 orationum
1034 4292 1323 4358 XXXIV.
1359 4300 1425 4358 et
1455 4294 1614 4360 LVI.
1660 4298 1757 4360 uti
1799 4296 2209 4378 imperativis,
2248 4296 2471 4378 quales
2510 4303 2687 4361 sunt:
2733 4297 3026 4378 XXXIV,

476 4400 532 4475 5,
584 4400 678 4475 11,
724 4399 822 4475 16,
871 4400 948 4461 17
973 4395 1088 4474 bis,
1133 4398 1237 4479 22,
1270 4399 1372 4475 23,
1419 4398 1520 4477 48,
1567 4401 1667 4478 49,
1708 4398 1871 4477 LVI,
1919 4402 2018 4477 21,
2066 4401 2166 4478 22,
2215 4402 2314 4477 27,
2363 4402 2441 4465 31
2468 4398 2583 4477 bis,
2634 4404 2732 4480 34,
2778 4404 2879 4481 36,
2924 4406 3027 4487 40,

473 4502 558 4563 44
578 4504 696 4576 ter,
738 4500 841 4577 48,
884 4498 1178 4577 XXXIII,
1226 4501 1324 4577 32,
1373 4500 1475 4563 37.

644 4600 828 4679 Quod
873 4603 1106 4667 attinet
1147 4602 1233 4665 ad
1275 4601 1598 4682 formulas,
1647 4602 1883 4683 quibus
1927 4605 2023 4667 uti
2067 4604 2277 4668 solent
2322 4610 2611 4669 oratores
2650 4606 2716 4668 in
2759 4606 3025 4688 legibuS,

472 4705 872 4782 testimoniis,
919 4703 1060 4767 aliis
1105 4702 1464 4783 afferendis,
1505 4706 1784 4788 primum
1828 4706 2173 4770 dicendum
2216 4711 2331 4784 est,
2374 4727 2476 4785 ea,
2526 4728 2693 4789 quae
2738 4728 3027 4789 compro-

478 4804 694 4869 baturi
741 4811 892 4869 sunt
933 4808 1276 4887 scriptores
1316 4806 1415 4870 vel
1459 4828 1623 4889 quae
1669 4807 1871 4871 fusius
1914 4810 2204 4891 exposita
2246 4816 2423 4884 sunt,
2482 4807 2761 4871 breviter
2803 4810 3022 4889 repeti,
