3667 5250
451 520 565 585 ubi
630 520 704 585 G.
760 521 843 586 H.
905 521 1282 588 Schaeferus
1347 523 1418 587 F.
1484 523 1770 588 codicem
1832 521 2141 606 praebere
2208 519 2259 586 ἒ.
2320 516 2386 586 εἶ’
2451 528 2640 586 τινων
2702 518 2782 586 αἱ
2835 545 2891 586 τ.
2958 519 3005 586 ἑ.

451 623 748 710 monuit).
1021 639 1024 644 “

623 726 741 792 His
784 729 1088 810 expositis
1133 727 1214 792 de
1259 727 1513 792 dicendi
1558 727 1977 810 neglegentiis
2016 728 2291 794 adiciam
2320 729 2600 811 primum
2627 727 2772 792 illos
2812 727 3010 808 locoS,

453 827 687 912 quibus
733 836 985 913 tempus
1041 828 1220 895 verbi
1275 829 1489 894 subito
1543 834 1853 894 mutatur.
1952 829 2059 893 Fit
2106 828 2232 895 hoc
2269 828 2562 908 XXXIII,
2618 836 2668 895 l.
2714 825 3011 894 κελεύει

453 971 537 980 ·-
562 930 678 996 καὶ
705 971 792 982 --
829 927 1076 1014 ἔταξε,
1111 933 1178 997 ’9.
1210 928 1839 1017 επιλαμβάνεται
1883 929 1997 996 καὶ
2021 971 2106 980 -
2136 927 2675 1012 κατεκώλυσεν,
2724 931 3010 1010 XXXIV,

453 1040 513 1101 4.
577 1032 934 1122 λέγουσιν
1006 1071 1076 1082 -—
1149 1030 1606 1115 δεδώκασιν,
1668 1039 1762 1100 11.-
1811 1029 2127 1100 ἔνθοιτο
2170 1073 2254 1082 -
2315 1030 2647 1121 εἰληφὼς
2703 1027 2846 1121 εἰἠ,
2916 1035 3011 1100 13.

456 1135 793 1203 ἐκέλευεν
866 1177 937 1184 —-
1005 1135 1120 1201 καὶ
1184 1133 1926 1234 παραλαμβάνομεν,
2007 1137 2181 1217 LVI,
2248 1141 2306 1203 6.
2381 1132 2868 1216 δανείζονται
2929 1174 3010 1182 -

455 1239 570 1306 καὶ
613 1280 692 1289 -
750 1236 1210 1328 ἐγράψαντο.
1301 1239 1422 1307 Hic
1465 1241 1634 1306 addo
1693 1241 1897 1319 locos,
1956 1239 2189 1323 quibus
2249 1259 2553 1322 praesens
2614 1239 3015 1303 narrativum

459 1345 802 1409 invenitur:
862 1341 1154 1421 XXXIII,
1200 1345 1259 1422 8,
1307 1346 1366 1422 9,
1435 1342 1726 1422 XXXIV,
1787 1347 1845 1422 6,
1899 1346 1956 1422 8,
2019 1346 2116 1422 12,
2176 1346 2273 1422 13,
2323 1345 2421 1422 34,
2475 1341 2635 1420 LVI,
2690 1345 2747 1420 6,
2800 1344 2859 1419 9,
2916 1345 3013 1419 11,

457 1447 557 1510 20.
606 1483 683 1492 -
725 1445 888 1510 Tum
917 1446 1091 1510 modi
1123 1447 1459 1529 repentina
1491 1447 1773 1512 occurrit
1803 1446 2076 1510 mutatio
2121 1444 2409 1523 XXXIV,
2444 1448 2543 1510 17.
2589 1439 2906 1508 ἔνθοιτο

459 1539 843 1627 ἀπέδωκε,
884 1551 986 1613 45.
1029 1543 1430 1613 κελεύουσι
1459 1587 1542 1596 —-
1574 1541 2063 1634 ἀπογνοίητε.
2096 1587 2179 1596 -
2206 1547 2496 1630 Denique
2526 1547 2631 1611 hic
2663 1547 3017 1611 notaverim

456 1651 618 1714 duos
660 1651 805 1714 illos
847 1650 1048 1729 locoS,
1102 1649 1337 1734 quibus
1381 1673 1460 1715 ex
1497 1651 1707 1716 verbis
1750 1651 2037 1733 pendent
2080 1649 2311 1714 obiecti
2358 1649 2499 1714 loco
2549 1655 2613 1713 et
2653 1649 2914 1713 nomina
2951 1654 3016 1712 et

457 1755 791 1818 enuntiata
821 1755 1225 1819 secundaria:
1266 1754 1561 1833 XXXIII,
1593 1756 1670 1820 13
1702 1760 1768 1818 et
1794 1752 1955 1832 LVI,
1993 1755 2092 1818 19.

627 1856 804 1921 Haec
840 1855 1058 1936 habui,
1117 1858 1197 1921 de
1250 1845 1717 1927 sententiarum
1773 1855 2339 1939 comprehensione
2387 1875 2553 1937 quae
2604 1855 2901 1918 dicerem.

631 1957 849 2023 Tertio
890 1958 1059 2039 loco,
1116 1967 1434 2043 quatenus
1473 1960 1894 2025 conexione
1938 1959 2404 2024 sententiarum
2443 1959 2788 2040 scriptores
2850 1959 3019 2022 inter

461 2081 529 2125 se
570 2059 889 2140 differant,
935 2084 1273 2146 exponam.

633 2163 1079 2230 Molestissima
1127 2172 1227 2232 est
1279 2167 1673 2231 consuetudo
1720 2164 2051 2247 scriptoris
2104 2163 2413 2243 orationis
2463 2161 2756 2226 XXXIII.
2743 2211 2775 2240 .,
2831 2168 2906 2226 ut
2954 2163 3021 2225 in

463 2266 644 2332 initio
691 2287 1001 2333 novarum
1031 2271 1458 2351 ,periodarum
1499 2270 1687 2334 nimis
1731 2287 1944 2350 saepe,
1990 2272 2065 2330 ut
2103 2267 2234 2330 iam
2278 2286 2474 2348 supra
2517 2264 2605 2348 (p.
2632 2264 2741 2350 18)
2781 2265 3017 2342 monui,

460 2376 664 2451 ponat
698 2372 1039 2454 participia
1080 2377 1146 2435 et
1176 2371 1489 2454 genitivos
1530 2370 1878 2449 absolutos,
1925 2371 2021 2434 ita
2063 2368 2343 2451 quidem,
2388 2374 2464 2432 ut
2506 2369 2583 2433 iis
2627 2367 2833 2432 addat
2875 2387 3022 2448 par-

460 2471 693 2538 ticulas
750 2470 840 2553 δέ,
907 2468 1044 2559 γάρ,
1097 2468 1326 2552 τοίνυν,
1375 2469 1470 2560 δη.
1580 2473 1668 2538 Ε13
1726 2473 2069 2556 participia
2132 2472 2393 2553 quidem
2448 2491 2646 2535 novas
2710 2469 3022 2551 incipiunt

460 2575 760 2658 periodos
803 2581 842 2657 ἓ
883 2580 942 2642 6.
1000 2572 1379 2663 προσιόντες
1416 2573 1489 2642 δέ
1523 2600 1656 2659 μοι,
1706 2576 1860 2641 ibid.
1916 2568 2334 2662 ἀπορουμένῳ
2366 2573 2445 2654 δ’,
2513 2578 2569 2641 7.
2605 2566 3023 2658 ὡμολογηκώς

463 2676 524 2741 δ’
553 2716 637 2725 -
668 2676 783 2743 καὶ
815 2717 898 2727 --
929 2676 1240 2759 δεδωκώς,
1289 2682 1348 2745 8.
1370 2669 1586 2763 λαβὼν
1611 2675 1749 2767 γάρ,
1780 2682 1840 2745 9.
1875 2675 2269 2762 αἰσθόμενος
2310 2674 2449 2764 γάρ,
2485 2680 2583 2743 10.
2607 2671 3025 2750 καταστίσας

465 2777 555 2860 δέ,
601 2781 752 2846 ibid.
783 2783 990 2846 ταῦτα
1019 2779 1092 2847 δὲ
1123 2780 1398 2869 πράξας,
1439 2787 1538 2849 12.
1571 2779 1793 2847 πάντα
1823 2779 1897 2847 δὲ
1925 2778 2237 2869 ποιήσας,
2268 2786 2365 2847 14.
2391 2775 2752 2863 Δεξάμενος
2792 2774 3020 2857 τοίνυν,

471 2888 569 2949 15.
613 2881 992 2969 συνθέμενοι
1039 2882 1110 2950 δὲ
1148 2887 1376 2966 ταῦτα,
1426 2890 1524 2951 17.
1572 2879 2025 2972 ἀγανακτήσας
2067 2881 2162 2971 δὴ,
2214 2885 2312 2949 18.
2360 2876 2757 2969 ὁμολογήσας
2794 2881 2872 2960 δ’,
2924 2885 3021 2946 19.

467 2983 934 3074 ἐπιχειροῦντες
977 2986 1077 3067 δέ,
1137 2989 1291 3053 ibid.
1335 2985 1806 3074 παρακαλέσας
1848 2987 1943 3052 δ’.’
2010 2987 2175 3073 ¹Hac
2237 2986 2589 3052 sententias
2650 2984 3023 3050 conectendi

467 3092 717 3155 ratione
769 3092 1046 3173 scriptor
1091 3094 1400 3156 orationis
1444 3091 1731 3156 XXXIV.
1778 3111 2123 3173 nusquam,
2173 3091 2449 3171 scriptor
2502 3089 2809 3153 orationis
2861 3086 3022 3151 LVI.

467 3194 664 3259 semel
682 3193 782 3259 vel
807 3192 907 3258 bis
934 3195 1166 3258 utiturz
1212 3198 1251 3273 ξ
1277 3198 1331 3259 1.
1378 3190 1596 3277 λαβὼν
1625 3189 1745 3280 γάρ
1775 3194 1851 3258 cl.
1893 3196 1933 3274 ξ
1966 3195 2063 3258 10.
2110 3188 2317 3278 πέρας
2362 3190 2419 3255 δ’
2458 3178 2581 3269 οὗν,
2627 3186 2843 3272 λαβιῖν
2882 3184 3020 3274 γάρ.

639 3296 915 3362 Genitivi
959 3296 1237 3362 absoluti
1289 3298 1471 3361 initio
1527 3297 1938 3379 periodarum
1991 3294 2287 3377 legunter
2328 3293 2630 3379 XXXIII,
2675 3296 2734 3358 5.
2778 3288 3026 3373 ἓβςοντος

469 3396 540 3463 δέ
580 3423 724 3483 μου,
771 3402 830 3463 7.
871 3390 990 3487 ἤδη
1031 3395 1106 3463 δὲ
1147 3400 1275 3464 τῶν
1313 3394 1661 3485 τριάκοντα
1700 3399 1873 3480 μνῶν
1916 3393 2428 3483 πεπορισμένων,
2475 3400 2534 3463 9.
2580 3388 2657 3460 οὗ
2695 3394 2925 3480 πολλῷ
2955 3391 3027 3459 δὲ

403 3582 410 3590 ,
461 3498 663 3589 χρόνῳ
715 3497 882 3585 μετά
933 3504 1140 3566 ταῦτα
1187 3503 1305 3590 τῆς
1355 3499 1678 3587 τραπέζης
1729 3493 2358 3586 ἀνασκευασθείσης,
2419 3502 2517 3565 12.
2564 3492 3027 3562 ἀποδοθεισῶν

471 3601 544 3669 δὲ
579 3606 707 3669 τῶν
767 3601 1112 3691 τριάκοντα
1172 3606 1361 3688 μνῶν,
1452 3607 1548 3670 13.
1596 3598 2008 3690 ἐνεστηκυίας
2055 3597 2257 3689 δίκης,
2364 3604 2461 3667 14.
2510 3598 2925 3687 ἐνεστηκυιῶν
2966 3599 3023 3664 δ’

473 3701 694 3783 αὐτοῖς
735 3708 862 3772 τῶν
903 3707 1118 3787 δικῶν,
1172 3710 1267 3773 19.
1311 3700 1382 3772 οὗ
1411 3708 1777 3793 γραφεισῶν
1808 3706 1866 3770 δ’
1900 3700 2128 3791 ἑτέρων
2171 3706 2526 3791 συνθηκῶν,
2572 3707 2671 3770 20.
2705 3697 3028 3778 οἰκοῦντος

471 3805 591 3896 γὰρ
611 3832 834 3889 αυτου,
868 3814 967 3877 29.
988 3806 1076 3897 μὴ
1105 3805 1225 3896 γὰρ
1239 3806 1574 3895 γενομένης
1593 3832 1705 3895 της
1733 3804 2049 3894 γνώσεως,
2080 3806 2369 3886 XXXIV,
2400 3811 2458 3872 2.
2483 3806 2745 3871 πολλῶν
2775 3805 2831 3870 δ’
2862 3798 3029 3891 ημᾶς

474 3907 881 3993 κακιζόντων,
931 3916 989 3977 6.
1021 3909 1394 3999 κελευοίσης
1436 3908 1510 3976 δὲ
1553 3936 1664 3997 της
1706 3911 2087 3997 συγγραφῆς,
2139 3912 2232 3976 10.
2261 3906 2710 3996 γεγεμισμένης
2750 3902 2868 3994 γὰρ
2907 3898 3030 3994 ’ἴδη

474 4016 548 4077 τ7’”
532 4039 586 4101 ς
629 4012 798 4093 νεώς,
865 4014 1018 4079 ibid.
1065 4014 1313 4079 πολλου
1361 4011 1434 4078 δε
1474 4011 1760 4090 πένθους
1802 4052 1887 4060 -
1923 4006 2730 4098 όντος,18.Μελλούση-ς
2790 4006 2863 4075 δὲ
2917 4012 3029 4095 τῗς

437 4114 658 4204 ,δίκης
689 4114 980 4196 εἰσιέναι,
1030 4120 1128 4183 19.
1177 4110 1684 4201 ἀγανακτουντος
1727 4114 1800 4180 δέ
1836 4139 1980 4199 μου,
2028 4117 2129 4181 36.
2175 4112 2456 4201 κνρυγμα
2500 4110 2621 4200 γὰρ
2664 4110 3027 4234 nomyopcpce‘-

474 4244 581 4285 νου
624 4216 1067 4306 Παιρισάδου,
1123 4218 1280 4297 LVI,
1329 4223 1385 4284 6.
1435 4211 1964 4303 ἀποκριναμένων
2017 4217 2075 4281 δ’
2120 4211 2311 4305 ἡμῶν,
2376 4220 2470 4282 16.
2501 4218 2707 4281 ταῦτα
2753 4216 2810 4280 δ’
2855 4209 3031 4302 ημῶν

477 4319 798 4408 λεγόντων.

647 4427 862 4492 Etiam
905 4447 1029 4491 usu
1059 4424 1541 4507 particularum,
1588 4423 1818 4507 quibus
1860 4424 2111 4507 periodi
2156 4428 2221 4486 et
2266 4421 2618 4486 sententiae
2665 4423 3027 4494 nectuntur,

477 4533 681 4596 nostri
725 4528 1196 4613 aliquantulum
1240 4529 1408 4593 inter
1453 4548 1519 4591 se
1563 4525 1887 4591 differunt.

647 4632 901 4697 Periodi
944 4637 1159 4696 autem
1203 4630 1597 4711 incipiuntur

649 4734 966 4817 particula
1011 4728 1126 4796 καί
1175 4735 1241 4797 in
1287 4753 1377 4798 or.
1433 4731 1726 4797 XXXIII.
1774 4733 2008 4814 septies
2049 4730 2285 4809 decies,
2348 4731 2415 4793 in
2458 4751 2547 4794 or.
2592 4724 2881 4790 XXXIV.
2930 4729 3030 4786 ter

478 4840 710 4918 tricieS,
751 4838 818 4900 in
861 4856 952 4901 or.
997 4835 1159 4901 LVI.
1205 4836 1436 4901 novies.
