3667 5250
1654 310 2082 375 -30-

589 505 916 599 ναυκλήρῳ
979 509 1259 576 ἐκέλευεν
1321 506 1682 578 ἀποδοῦναι
1740 510 1816 578 τὸ

585 611 843 700 χρυσίον
885 615 1114 700 (BlaSS.
1154 615 1196 679 l.
1224 615 1264 678 l.
1311 636 1373 697 p.
1420 616 1601 701 525);

675 719 776 784 33.
833 713 910 781 σὺ
960 712 1033 781 δὲ
1084 718 1274 781 τοῦτο
1323 713 1441 800 μὲν
1501 719 1613 805 τῆς
1666 738 1814 804 συγ-

590 821 798 906 γραφῗ
804 843 837 896 ς
877 812 948 883 οὗ
987 815 1370 902 λαμβάνεις,·

677 923 778 988 39.
825 923 938 1009 τῆς
980 917 1467 1008 καθεστηκυίας
1502 923 1722 1009 τιμῆςς

677 1129 777 1192 43.
813 1119 930 1203 Ὡς
966 1121 1324 1209 μὲντοίνυν
1353 1123 1565 1211 γέγονέ
1597 1149 1711 1208 μοι
1740 1122 1817 1190 τὸ

592 1217 984 1313 σ’ὖμβόλαιον
1035 1224 1200 1314 πρὸς
1259 1223 1580 1315 Φορμίων’
1612 1221 1815 1315 Ἀθή-

589 1352 784 1419 νησιν,
808 1325 937 1395 οὐδ’
959 1323 1142 1395 αὐτοὶ
1163 1324 1412 1415 ἔξαρνοί
1433 1325 1583 1408 εἶσι,
1599 1354 1815 1417 παρα-

588 1429 941 1520 γράφονται
988 1429 1062 1497 δὲ
1108 1425 1194 1510 ὡς
1237 1425 1350 1496 οῦκ
1391 1427 1819 1518 εἰσαγώγιμον

587 1531 700 1622 τὴν
756 1531 941 1622 δίκην
995 1523 1210 1600 οὖσαν.
1276 1527 1418 1599 ἀλλ’
1469 1530 1566 1612 εἷς
1625 1538 1820 1600 ποῖον

589 1634 1002 1724 δικασττῗριον
1050 1633 1476 1720 εἰσέλθωμεν,
1528 1625 1581 1701 ὦ
1626 1629 1687 1701 ἴε.
1734 1636 1814 1716 δ.,

589 1736 647 1804 εἰ
690 1735 776 1827 μὴ
822 1735 985 1826 πρὸς
1014 1731 1199 1821 ῦμᾶς,
1243 1725 1444 1824 οὗπερ
1471 1734 1552 1803 τὸ
1576 1735 1815 1822 συμβό-

588 1840 774 1906 λαιον
817 1836 1312 1928 έποιησάμεθα,·
1354 1835 1561 1905 δεινὸν
1590 1838 1711 1929 γὰρ
1741 1834 1819 1905 ἂν

588 1937 687 2030 εἴη
714 1981 812 2022 -,
855 1939 1083 2028 ἐπειδὴ
1114 1980 1195 1991 --
1224 1938 1301 2007 τὸ
1332 1940 1724 2026 συμβόλαιον
1754 1942 1820 2008 έν

587 2047 684 2131 τῷ
730 2039 1026 2131 ῦμετέρῳ
1072 2039 1367 2130 ἐμπορίῳ
1424 2042 1661 2130 γέγονε,
1730 2043 1817 2134 μὴ

589 2144 866 2236 φάσκειν
900 2146 1059 2234 παρ’
1089 2141 1239 2230 ὑμῖν
1267 2143 1530 2225 τούτους
1567 2141 1820 2236 ὑφέξειν

587 2247 701 2340 τὴν
735 2246 936 2336 δίκην,
979 2249 1056 2314 cl.
1091 2252 1148 2315 3.
1195 2246 1360 2335 Περὶ
1402 2246 1520 2333 μὲν
1562 2238 1670 2315 οῦν
1707 2252 1819 2338 τῆς

589 2352 1018 2439 παραγραφῆς
1045 2348 1282 2438 βραχύς
1312 2348 1490 2416 ἐστιν
1518 2346 1553 2418 ὃ
1583 2348 1772 2440 λόγος
1802 2376 1817 2389 ·

589 2453 702 2520 καὶ
734 2451 853 2541 γὰρ
882 2440 1058 2540 οῦτοι
1091 2448 1162 2518 οἷ)
1192 2451 1267 2519 τὸ
1299 2450 1626 2540 παράπαν
1658 2478 1818 2540 συμ-

588 2554 852 2641 βόλαιον
908 2553 1312 2643 ἐξαρνοῦνται
1368 2553 1457 2645 μὴ
1509 2554 1814 2643 γενέσθαι

586 2658 654 2725 έν
694 2662 782 2745 τᾷ
833 2655 1128 2746 ἐμπορίῳ
1171 2660 1266 2742 τῷ
1306 2652 1615 2746 ῦμετέρῳ,
1674 2654 1817 2726 ἀλλ’

586 2757 799 2827 οὐκέτι
863 2754 1032 2827 εἷναί
1091 2771 1262 2849 ’φασι
1329 2757 1494 2849 πρὸς
1557 2757 1821 2842 ἑαυτοὺς

587 2860 768 2930 οὐδὲν
807 2865 1233 2948 συμβολαιονς

671 2970 771 3033 43.
819 2962 876 3031 εἰ
919 2964 1037 3050 μὲν
1066 3004 1150 3013 —-
1183 2962 1414 3053 ἐπειδὴ
1446 2964 1535 3047 δέ,
1578 2972 1680 3047 44,
1714 2972 1816 3047 46,

587 3065 644 3134 εἰ
693 3065 811 3152 μὲν
859 3108 943 3116 -
998 3064 1070 3133 δέ
1134 3067 1239 3152 (cf.
1301 3069 1374 3133 G.
1431 3068 1510 3132 H.
1569 3068 1816 3134 Schaef.

586 3172 672 3235 ad
713 3170 939 3255 92⁰‚2);
1143 3252 1156 3258 ..

671 3276 772 3337 45.
827 3268 1230 3355 ἐνθυμοῦμαι
1284 3271 1342 3336 δ’
1391 3265 1583 3357 ἔγωγε
1626 3268 1695 3336 τί
1739 3264 1819 3336 ἴεν

587 3397 752 3440 ποτε
789 3371 883 3451 εἷς
909 3371 1023 3462 τὴν
1051 3369 1482 3459 παραγραφὴν
1511 3369 1819 3460 ἔγραψενς

674 3480 773 3544 50.
830 3470 945 3541 οῦκ
990 3465 1096 3541 οῦν
1141 3468 1393 3540 ἄτοπον
1433 3504 1548 3554 -,·
1609 3475 1816 3561 μηδα-

585 3580 740 3663 μῶς,
787 3566 840 3642 ὦ
875 3570 1103 3664 ἄνδρες
1145 3574 1460 3642 δικασταί
1472 3606 1491 3655 ,-

674 3685 774 3747 52.
795 3673 964 3763 ὑμᾶς
973 3677 1045 3745 δὲ
1055 3680 1158 3745 δεῖ
1177 3679 1820 3764 συνεπανορθοῦντας

587 3775 950 3871 φαίνεσθαι
971 3780 1084 3847 καὶ
1094 3779 1173 3866 μῖ
1199 3783 1671 3868 συγχωροῦντας
1680 3782 1819 3856 τοῖς

589 3888 909 3972 πονηροῖς,
953 3884 1035 3948 ἵν’
1081 3879 1167 3961 ὡς
1210 3879 1491 3971 πλείστη
1535 3876 1818 3971 ὠφέλεια

588 3984 772 4071 παρὰ
812 3983 888 4052 τὸ
932 3982 1243 4072 ἐμπόριον
1284 3973 1354 4074 ᾗς

675 4296 773 4359 52.
807 4285 972 4377 Ἐγὼ
1011 4289 1129 4376 μὲν
1172 4280 1277 4355 οῦν
1305 4283 1560 4376 ὅσαπερ
1597 4277 1732 4364 οἷός
1758 4286 1816 4351 τ’

586 4383 659 4482 ἦν
683 4388 906 4479 εἴρηκα
937 4416 950 4429 ·
983 4395 1164 4459 καλῶ
1196 4391 1270 4458 δὲ
1298 4392 1413 4458 καὶ
1445 4385 1642 4455 ’ἄλλον
1671 4384 1818 4453 τινὰ

587 4498 713 4561 τῶν
757 4492 982 4584 φίλων,
1031 4492 1143 4560 ἐὰν
1178 4491 1490 4581 κελεύητε.

1923 509 2133 601 σάμην
2174 510 2359 600 ἕτερα
2406 515 2613 580 πλοῖα
2656 553 2738 564 ·-—
2753 499 2780 595 ,ἶ

2004 721 2105 785 38.
2151 714 2267 782 καί
2302 743 2414 802 μοι
2455 716 2596 804 λέγε
2628 713 2784 784 αἰτὸ
2809 720 2998 783 τοῦτο
3040 712 3141 802 (τὸ

1892 819 1989 938 -F.
2026 820 2087 885 S.
2120 819 2223 906 Q.)
2265 823 2379 906 τῖς
2422 823 2812 909 συγγραφῆςὶ

2006 925 2063 988 8.
2106 917 2227 1000 τὰς
2263 919 2761 1010 καθεστηκυίας
2786 917 3000 1006 τιμὰς,
3046 923 3141 988 10.

1919 1020 2041 1102 τὰς
2083 1021 2282 1108 τιμὰς
2324 1021 2445 1103 τὰς
2496 1065 2580 1074 —
2632 1019 3144 1110 καθεστηκυίας,·

2006 1129 2108 1192 46.
2151 1121 2186 1192 ὃ
2213 1123 2331 1211 μὲν
2361 1127 2519 1214 παρ’
2552 1122 2725 1214 ἡμῶν
2753 1122 2937 1212 λόγος
2965 1111 3144 1200 οῦτὸς

1922 1226 2116 1293 ἐστιν.
2207 1216 2381 1294 οῦτοι
2433 1227 2507 1294 δὲ
2546 1226 2988 1294 δανείσασθαι
3030 1222 3145 1310 μὲν

1921 1324 2301 1416 ὁμολογοῦσι
2350 1329 2467 1396 καὶ
2509 1328 2598 1420 μὴ
2638 1325 3142 1405 ἀποδεδωκέναι,

1921 1430 2339 1521 διαφέρονται
2402 1434 2460 1499 δ’
2515 1429 2603 1512 ὡς
2660 1428 2731 1498 οῦ
2780 1433 2881 1498 δεῖ
2944 1431 3147 1496 τελεῖν

1923 1529 2153 1613 αὖτοὺς
2194 1532 2343 1613 τοὺς
2384 1532 2610 1615 τόκους
2651 1575 2731 1586 -
2776 1573 2879 1599 -.
2934 1530 2992 1598 εἰ
3032 1529 3148 1616 μὲν

1924 1625 2030 1702 οἷν
2075 1676 2156 1686 —-
2198 1635 2265 1701 ἐν
2302 1639 2396 1723 τῷ
2437 1632 2727 1713 Ῥοδίων,
2753 1630 3146 1722 δικαστηρίῳ

1922 1736 2330 1826 ἐκρινόμεθα,
2374 1734 2535 1818 ἴσως
2577 1733 2657 1804 ἂν
2687 1726 2876 1804 -οῦτοι
2918 1735 3146 1802 ἐπλεο-

1921 1838 2179 1907 νέκτουν
2220 1835 2490 1930 ᾗμῶν-
2528 1865 2541 1878 ·
2584 1844 2690 1906 νῦν
2732 1841 2790 1906 δ’
2822 1836 2917 1917 εἰς
2945 1833 3147 1924 Ἀθη-

1922 1939 2138 2021 ναίους
2178 1939 2668 2031 εἰσεληλυθότες
2721 1941 2834 2008 καὶ
2882 1963 3147 2027 συγγρα-

1924 2042 2204 2131 ψάμενοι
2249 2042 2344 2123 εἷς
2385 2042 2460 2110 τὸ
2504 2039 2802 2131 ὑμέτερον
2843 2038 3151 2128 ἐμπόριον

1923 2141 2037 2212 οἰκ
2083 2141 2379 2232 ἀξιοῦμεν
2424 2144 2873 2233 ἐλαττωθῆναι
2918 2183 3018 2208 -—-.

2011 2968 2113 3030 47.
2155 2960 2370 3047 εἰμὲν
2414 3002 2491 3011 —
2539 2965 2646 3027 νῦν
2686 2962 2780 3043 δ’,·

2010 3272 2111 3335 32.
2155 3261 2356 3345 ’ῗδέως
2386 3269 2445 3334 δ’
2478 3261 2557 3332 ἂν
2587 3262 2928 3353 πυθοίμην
2958 3259 3157 3329 αῦτοῦ

1926 3372 2059 3448 σοῦ,
2109 3364 2381 3455 πότερον
2426 3406 2508 3416 -
2552 3365 2871 3452 διαλέγει,-

2012 3476 2113 3537 50.
2158 3467 2262 3547 τίς
2296 3466 2417 3556 γὰρ
2461 3466 2760 3556 ἐθελήσει
2791 3497 2908 3546 -,·
2945 3466 3156 3555 μηδα-

1922 3576 2079 3657 μῶς,
2128 3562 2180 3636 ὦ
2226 3563 2446 3654 ἄνδρες
2490 3566 2803 3634 δικασταί
2814 3599 2834 3651 ,·

2010 3677 2114 3740 49.
2177 3670 2237 3737 εἰ
2288 3669 2405 3756 μὲν
2453 3668 2572 3756 γὰρ
2623 3665 2806 3754 ῦμεῖς
2845 3666 2965 3746 τὰς
3006 3690 3158 3753 συγ-

1924 3771 2181 3863 γραφὰς
2210 3772 2321 3838 καὶ
2358 3769 2479 3851 τὰς
2508 3767 2853 3857 ὁμολογίας
2876 3809 2953 3819 -
2980 3767 3161 3850 ἰσχυ-

1924 3875 2042 3966 ρὰς
2090 3872 2398 3963 οἰήσεσθε
2452 3873 2586 3938 δεῖν
2637 3865 2804 3937 εἶναι
2858 3869 3164 3948 καὶτοῖς

1925 3973 2452 4064 παραβαίνουσιν
2463 3968 2665 4050 αὐτὰς
2670 3970 2991 4059 μηδεμίαν
3008 3994 3161 4057 συγ-

1922 4077 2176 4169 γνώμην
2198 4074 2385 4159 ἕξετε,
2418 4113 2487 4123 -
2512 4072 2585 4139 ἐκ
2602 4112 2686 4121 --
2708 4070 2948 4138 τούτων
2970 4067 3161 4159 αῦξη-

1925 4179 2211 4267 θῆσεται
2255 4172 2403 4261 ῦμῖν
2443 4173 2519 4241 τὸ
2560 4171 2902 4261 ἐμπόριον,·

2012 4285 2117 4349 50.
2156 4274 2321 4363 Ἐγὼ
2357 4275 2474 4360 μὲν
2510 4266 2616 4342 οῦν
2654 4269 2908 4362 ὅσαπερ
2936 4265 3070 4352 οἷός
3099 4275 3163 4338 τ’

1923 4375 1998 4473 ἦν
2039 4377 2264 4467 εἴρηκα
2296 4401 2311 4416 ·
2346 4372 2505 4458 ἀξιῶ
2533 4374 2745 4441 δὲκαὶ
2783 4379 2912 4441 τῶν
2950 4373 3167 4463 φίλων

1922 4481 2040 4571 μοί
2087 4504 2235 4547 τινα
2281 4480 2623 4544 συνειπεῖν.

759 4599 1002 4664 Verum
1042 4598 1203 4663 haee
1246 4597 1563 4663 haetenus
1606 4594 1686 4657 de
1724 4589 1953 4667 verbis,
2008 4580 2469 4657 locutionibUS,
2524 4579 2850 4642 sententiis
2891 4577 3165 4640 alterius

586 4705 794 4768 utrius
837 4704 1042 4785 partis
1087 4702 1455 4766 orationum
1501 4695 1798 4779 propriis,
1835 4730 1841 4737 -
1896 4691 1937 4756 J
1940 4711 2048 4755 am
2104 4705 2275 4749 nune
2318 4700 2697 4757 enumerem,
2744 4698 2909 4760 quae
2950 4678 3165 4758 magis

587 4808 649 4869 in
695 4805 940 4869 deliciis
981 4803 1183 4869 habet
1221 4802 1387 4867 alter
1429 4806 1577 4863 uter
1621 4803 1869 4861 auctor.
