3667 5250
1629 313 2049 376 ,28-

728 513 960 594 Verba,
1001 535 1165 597 quae
1205 534 1335 579 non
1381 521 1693 597 usurpata
1734 517 2161 582 animadverti
2202 516 2326 581 nisi
2366 517 2431 580 in
2476 518 2765 580 oratione
2795 514 3106 593 XXXIII,

556 622 708 680 sunt
748 615 934 682 haec:

729 732 1177 824 καταφανής
1219 741 1258 816 ξ
1305 740 1363 802 3.
1451 737 1553 800 Ad
1605 738 1877 802 eandem
1929 739 2061 804 fere
2115 760 2252 803 rem
2310 739 2794 821 exprimendam
2836 739 3111 818 scriptor

560 840 923 903 orationum
985 837 1276 903 XXXIV.
1339 844 1406 903 et
1462 839 1620 904 LVI.
1681 860 1810 905 non
1871 843 1995 907 nisi
2050 836 2319 928 φανερός
2376 840 2757 905 vocabulum
2824 837 3111 904 adhibetz

564 939 847 1020 XXXIV,
895 944 996 1021 29,
1039 941 1199 1020 LVI,
1247 942 1346 1020 23,
1392 942 1492 1006 28.

727 1039 1013 1127 τρόπος
1039 1073 1127 1100 =
1155 1045 1414 1108 modus:
1446 1048 1485 1122 ξ
1516 1046 1586 1121 9;
1627 1063 1792 1126 quae
1824 1064 1947 1110 vox
1978 1047 2044 1110 in
2078 1066 2169 1112 or.
2200 1045 2361 1111 LVI.
2388 1051 2427 1125 ξ
2457 1051 2497 1112 2
2531 1067 2742 1113 mores
2780 1042 3112 1128 signifieat.

730 1145 1111 1211 Orationum
1152 1144 1444 1211 XXXIV.
1491 1151 1557 1210 et
1597 1145 1756 1211 LVI.
1801 1149 2065 1229 propria
2120 1148 2416 1213 videntur
2458 1171 2594 1215 esse
2638 1148 2799 1214 haec
2840 1146 3061 1214 verba:

731 1244 1262 1314 διατίθεσθαι
1305 1248 1609 1314 vendere:
1664 1245 1957 1326 XXXIV,
2004 1252 2061 1328 9,
2109 1252 2211 1327 36,
2248 1241 2527 1330 LV1,‘8;

732 1346 1144 1436 γίγνεσθαι
1175 1349 1400 1417 confici
1429 1350 1511 1414 de
1543 1351 1853 1415 numeris:
1886 1349 2177 1430 XXXIV,
2199 1357 2283 1418 24
2311 1353 2429 1438 bis,
2464 1354 2543 1418 de
2575 1356 2785 1420 usuris
2812 1353 2972 1432 LVI,
3004 1356 3115 1430 4l;

733 1449 1006 1542 ἐπειδὴ
1045 1449 1166 1539 (ἂν)
1210 1449 1575 1534 τάχισταε
1620 1451 1912 1532 XXXIV,
1956 1457 2014 1533 8,
2064 1459 2161 1534 11,
2205 1455 2364 1535 LVI,
2418 1461 2524 1534 113
2824 1480 2831 1487 ·

733 1552 1114 1643 ε’πιεικήςε
1160 1554 1452 1634 XXXIV,
1498 1557 1599 1633 30,
1647 1551 1975 1620 ἐπιείκεια
2019 1555 2170 1622 ibid.
2216 1561 2317 1637 40,
2365 1557 2675 1636 ἐπιεικῶς
2712 1557 2870 1636 LVI,
2920 1559 2989 1634 93

731 1654 877 1724 ἔτιι
932 1657 1223 1736 xxxlv,
1278 1662 1352 1724 17
1400 1643 1617 1742 (31‘6'),
1679 1660 1760 1723 33
1810 1652 1927 1743 (ἐζ),
1984 1660 2064 1724 37
2112 1653 2184 1744 (ἔ.
2227 1656 2341 1742 δέ),
2396 1665 2469 1725 41
2534 1655 2605 1746 (ἔ.
2654 1658 2768 1743 δέ),
2821 1659 2983 1744 Lvl,
3044 1660 3116 1722 13

562 1756 634 1847 (ἔ.
675 1761 963 1845 μᾶλλον),
1009 1762 1089 1827 23
1137 1755 1208 1846 (ἔ.
1257 1757 1371 1824 καὶ
1411 1761 1568 1842 vim),-

732 1860 942 1950 παρά
996 1869 1288 1947 propter,
1341 1885 1484 1946 per:
1542 1860 1832 1941 XXXIV,
1880 1868 1978 1942 52,
2020 1862 2102 1927 ἵν’
2152 1903 2229 1911 -
2278 1861 2558 1953 πλείστη
2597 1859 2881 1952 ὠφέλεια
2925 1889 2998 1927 π.
3045 1859 3119 1927 τὸ

563 1961 874 2050 ἐμπόριον
915 1954 971 2053 ᾗ,
1011 1966 1172 2041 LVI,
1218 1970 1318 2032 34.
1366 1961 1586 2030 πολλὰ
1626 1961 1893 2052 χρήματ’
1940 1961 2337 2052 εἰργασμένοι
2384 1991 2460 2030 π.
2503 1964 2616 2032 τνν
2656 1962 2982 2054 σιτηγίαν,·

734 2064 1382 2162 παραχειμάζεινε.
1416 2067 1708 2147 XXXIV,
1758 2071 1816 2146 8,
1861 2068 2023 2147 LVI,
2068 2071 2179 2147 303

735 2168 1208 2257 περιμένεινε
1251 2170 1541 2250 XXXIV,
1591 2174 1668 2236 17
1715 2166 2068 2257 (μάρτυρα),
2112 2171 2273 2251 LVI,
2316 2175 2401 2238 30
2445 2167 2580 2258 (τὴν
2621 2165 2917 2254 ὡραίαν),·

738 2273 975 2358 πρᾶξις
1015 2302 1104 2330 =
1139 2267 1480 2358 εἷ’σπραξις
1555 2272 1640 2359 (v.
1685 2273 1758 2339 G.
1803 2273 1887 2339 H.
1934 2273 2251 2340 Schaefer.
2296 2276 2382 2340 ad
2429 2277 2612 2354 1293,
2654 2275 2759 2360 1e):
2829 2271 3118 2350 XXXIV,

567 2380 669 2455 27,
714 2374 874 2454 LVI,
922 2379 1022 2455 35,
1071 2381 1182 2455 453
1227 2376 1350 2442 hoc
1390 2376 1775 2442 vocabulum
1817 2379 1884 2441 in
1931 2397 2024 2443 or.
2067 2375 2347 2442 XXXIII
2391 2382 2430 2457 ξ
2472 2381 2546 2442 11
2595 2377 2766 2441 idem
2805 2382 2904 2440 est
2947 2375 3122 2458 quod

564 2500 867 2564 πραγμας

741 2576 1076 2664 σύμπανε
1124 2578 1414 2661 XXXIV,
1462 2583 1542 2647 23
1587 2582 1660 2647 cl.
1713 2577 2006 2648 σύνολονε
2045 2582 2205 2662 LVI,
2254 2587 2363 2661 153

733 2679 994 2770 wat'gz
1038 2683 1328 2764 XXXIV,
1381 2690 1475 2764 11,
1521 2684 1679 2764 LVI,
1726 2687 1830 2750 48.

740 2804 867 2870 Sed
921 2803 1081 2869 haee
1132 2804 1374 2870 leviora
1439 2811 1609 2870 sunt.
1697 2804 2008 2870 Maiorem
2047 2805 2365 2889 probandi
2419 2807 2547 2871 vim
2596 2805 2935 2871 habituras
2988 2826 3122 2870 esse

563 2912 753 2990 'spero
806 2928 953 2972 cum
1004 2906 1359 2974 locutiones
1419 2914 1561 2973 tum
1619 2909 1972 2973 sententias
2034 2909 2101 2971 in
2164 2908 2371 2974 altera
2414 2915 2564 2973 utra
2623 2914 2807 2992 parte
2868 2913 3123 2973 tantum

566 3016 927 3093 usurpatas.

736 3131 836 3195 Ex
875 3130 1020 3208 illis,
1066 3150 1231 3212 quae
1269 3135 1345 3193 ut
1372 3130 1497 3193 nisi
1537 3128 1619 3194 ab
1665 3131 1975 3196 orationis
2007 3129 2306 3195 XXXIII.
2338 3138 2601 3197 auctore
2632 3151 2758 3194 non
2797 3129 3122 3195 adhibitae

572 3239 896 3311 notentur,
938 3233 1169 3315 dignae
1211 3232 1511 3296 videntur
1552 3232 1704 3297 hae:

741 3348 993 3417 ἔνεστι
1039 3372 1186 3415 cum
1231 3351 1466 3430 dativ0,
1511 3350 1695 3417 lieet:
1743 3357 1824 3432 ἓξ
1876 3356 1976 3431 24,
2022 3356 2122 3432 30,
2172 3356 2284 3430 37;

738 3452 959 3541 μέχρι
1001 3448 1206 3530 τινός
1245 3452 1670 3535 aliquamdiu:
1722 3459 1761 3534 ξ
1806 3459 1849 3519 4
1890 3453 1996 3540 (cf.
2042 3455 2292 3521 Schulz.
2332 3455 2374 3519 1.
2416 3454 2456 3518 l.
2500 3476 2561 3536 p.
2606 3454 2747 3539 51);

742 3552 1105 3639 οἴχεσθαι
1147 3577 1293 3620 oum
1334 3558 1570 3637 partic:
1616 3561 1654 3636 ξ
1703 3559 1812 3635 2Ο;

741 3655 1152 3746 προϊόντος
1191 3659 1320 3741 τοῦ
1364 3654 1612 3744 λόγους
1657 3664 1696 3739 ξ
1742 3662 1780 3723 3
1827 3659 1934 3744 (cf.
1982 3659 2232 3725 Schulz.
2278 3660 2320 3723 l.
2366 3660 2408 3723 l.
2452 3682 2514 3743 p.
2560 3659 2700 3745 51);

740 3765 828 3851 τῇ
873 3755 1207 3849 ἀληθείᾳ
1248 3783 1318 3826 re
1359 3782 1542 3827 vera:
1589 3766 1670 3842 ἓξ
1716 3767 1755 3826 2
1799 3768 1866 3826 et
1910 3764 2022 3840 233
2159 3752 2173 3761 ’

617 3927 620 3933 ,
742 3860 1145 3951 τυγχάνειν
1181 3884 1329 3928 cum
1371 3866 1606 3947 partic:
1651 3869 1733 3945 ἓξ
1779 3868 1837 3945 6,
1886 3869 1922 3929 7
1968 3864 2085 3929 bis.

746 3985 936 4069 Apud
983 3986 1344 4050 orationum
1387 3982 1680 4050 XXXIV.
1713 3991 1779 4050 et
1818 3984 1978 4049 LVI.
2024 3985 2403 4065 scriptorem
2446 3983 2653 4047 solum
2706 3981 3125 4046 animadverti

571 4090 691 4155 has
733 4088 1029 4172 phrases:

745 4202 1078 4294 ἀκριβῶς
1118 4201 1438 4271 εἶδέναιε
1493 4205 1784 4285 XXXIV,
1833 4211 1888 4285 1,
1947 4204 2107 4284 LVI,
2156 4207 2224 4282 93
2292 4197 2353 4268 ἆ.
2413 4199 2843 4290 μνημονεύεινε
2906 4205 3008 4288 35,
3063 4195 3125 4266 ἆ.

574 4306 936 4395 μανθάνειν
974 4308 1135 4393 LVI,
1180 4310 1293 4387 333

745 4408 1003 4478 δεινόν
1045 4409 1288 4476 ἔστινε
1333 4409 1625 4495 XXXIV,
1672 4415 1730 4489 2,
1776 4413 1880 4495 43,
1924 4409 2083 4489 LVI,
2128 4413 2227 4486 17,
2259 4412 2359 4487 22,
2406 4412 2509 4487 44,
2553 4408 2654 4473 cll.
2702 4406 2990 4487 XXXIV,
3023 4408 3125 4484 36,

576 4510 899 4601 δεινότερα
939 4511 1344 4600 πέπρακται,
1390 4516 1491 4577 45.
1539 4509 1839 4596 πάθοιμι
1887 4550 1969 4558 -
2011 4508 2096 4576 τὰ
2138 4507 2510 4590 δεινότατα,·

746 4613 952 4696 εἰκός
996 4614 1233 4682 ἕστινε
1287 4615 1578 4695 XXXIV,
1627 4620 1725 4695 14,
1772 4619 1871 4694 15,
1920 4618 2019 4694 40,
2066 4613 2226 4692 LVI,
2276 4617 2387 4691 113

748 4718 880 4784 καὶ
930 4722 1173 4784 ταῦτα
1226 4722 1632 4802 praesertim:
1699 4717 1991 4795 XXXIV,
2050 4720 2148 4795 17,
2182 4718 2304 4795 -50,
2358 4714 2519 4795 LVI,
2572 4717 2674 4793 40,
2730 4717 2833 4791 44,
2886 4714 2963 4778 cl.
3014 4709 3128 4776 καὶ

575 4823 746 4888 τοῦτ’
795 4821 1086 4903 XXXIV,
1130 4826 1242 4902 333
