3667 5250
1779 297 2203 366 ..18.-

855 502 964 565 233
1011 495 1122 566 τὸν
1157 497 1374 587 χρόνον
1417 499 1678 588 έμαυτω
1719 528 1992 591 ηγουμαι
2030 502 2321 593 μάρτυρα
2365 499 2529 572 εἶναι
2576 531 2689 572 του
2732 548 2830 587 —-—‚
2894 511 2995 574 27.
3034 535 3102 591 μ.
3145 503 3259 592 μοί

1095 627 1259 692 φημι
1297 601 1408 671 τὸν
1449 603 1639 689 νόμον
1677 598 1755 670 εἷ.
1802 609 1914 672 τοῦ
1969 645 2063 672 -.

853 709 933 772 25
980 713 1169 772 extr.:
1213 704 1634 828 δικάζεσθαι,
1683 712 1783 776 26.
1831 706 2235 790 δικάζονται,
2282 708 2663 791 ἐδικάσατο,
2710 709 3064 793 δικάζεται.

855 811 964 872 293
1011 799 1113 872 ότι
1158 807 1276 893 μὲν
1317 807 1437 898 γὰρ
1478 851 1586 892 —-,
1637 809 2107 900 μεμαρτίρεται
2144 808 2309 897 υμῖν,
2378 818 2478 880 30.
2511 808 2715 879 Ἀλλὰ
2756 811 2880 903 μὴν
2916 813 3031 885 καὶ
3071 816 3259 879 τοῦτο

1096 937 1164 995 μ.
1191 905 1267 992 15.,
1311 905 1415 978 ὅτι
1448 953 1552 994 -—,
1596 918 1697 981 31.
1726 908 1933 979 Ἀλλὰ
1960 912 2084 1003 μὴν
2116 914 2228 981 καὶ
2261 910 2349 994 ὡς
2380 957 2443 964 -
2465 969 2479 998 ‚
2518 944 2586 1001 μ.
2627 911 2679 982 1⁶).
2728 917 2805 983 ol.
2842 921 2938 983 16.
2965 909 3120 982 (Ότι
3144 914 3259 1001 μὲν

1090 1052 1173 1062 --
1220 1011 1280 1080 οἱ
1327 1012 1569 1094 εἰδότες
1611 1019 1818 1082 ταῦτα
1862 1016 2423 1106 μεμαρτυρήκασιν
2462 1014 2628 1103 ὑμῖν.

851 1119 961 1182 303
1007 1113 1382 1206 γράφεσθαι
1398 1169 1412 1198 ,
1441 1115 1857 1207 γράφεσθαι,
1896 1123 2277 1208 γραφεισῶν,
2322 1117 2631 1209 ἔγραψαν,
2680 1119 3061 1210 ἐγράφησαν.

849 1222 959 1286 303
1007 1222 1152 1297 πῶς
1196 1218 1351 1308 ἐνῆν,
1399 1222 1544 1298 πῶς
1588 1213 1804 1307 ὄρθῶς
1848 1215 1927 1286 ἂν
1970 1220 2112 1306 ἐμοὶ
2159 1221 2514 1304 δικάζοιτο,
2562 1229 2662 1292 31.
2710 1227 2855 1302 πῶς
2899 1218 2979 1289 ἂν
3020 1264 3101 1272 -
3146 1219 3257 1306 ἐμὲ

1089 1315 1507 1403 ἀπολέσαιτε,
1576 1327 1677 1390 34.
1725 1326 1872 1402 πῶς
1916 1317 1995 1388 ἂν
2040 1363 2124 1372 —-·-
2167 1325 2769 1413 καταγιγνώσκοιτε,
2835 1331 2936 1393 36.
2991 1329 3138 1403 πῶς
3180 1319 3258 1389 ἂν

1086 1421 1362 1502 δικαίως
1407 1422 1786 1491 πιστεύοιτο
1797 1455 1816 1506 ,·

868 1543 1073 1621 Quam
1137 1547 1321 1628 inops
1383 1547 1478 1610 sit·
1530 1547 1806 1628 scriptor
1867 1548 2175 1612 orationis
2230 1547 2523 1613 XXXIII.
2585 1551 2780 1613 etiam
2843 1550 2995 1613 inde
3062 1569 3255 1632 appa-

700 1646 884 1725 rebit,
950 1649 1125 1729 quod
1171 1669 1301 1712 non
1355 1648 1676 1714 dubitavit
1721 1650 1998 1731 incipere
2047 1670 2243 1715 novas
2283 1651 2581 1733 periodos
2622 1658 2853 1733 quater
2897 1652 3107 1716 decies
3145 1652 3251 1728 ita,

698 1754 773 1812 ut
814 1750 882 1813 in
923 1751 1106 1815 initio
1152 1771 1377 1815 earum
1415 1752 1756 1834 partieipia
1811 1758 2083 1834 poneret
2126 1752 2231 1836 (cf.
2277 1751 2444 1817 infra
2482 1773 2543 1835 p.
2585 1753 2714 1840 25),
2760 1755 2976 1818 novies
3019 1754 3137 1831 ita,
3182 1758 3253 1815 ut

691 1853 982 1933 genitivis
1027 1852 1337 1918 absolutis
1383 1859 1674 1917 uteretur
1711 1852 1794 1936 (v.
1843 1854 2013 1919 infra
2056 1877 2117 1937 p.
2166 1855 2296 1940 25).

865 1970 940 2034 In
972 1973 1263 2038 oratione
1295 1971 1587 2038 XXXIV.
1629 1973 1790 2038 haee
1830 1973 1963 2039 fere
2006 1976 2139 2039 sine
2183 1975 2317 2039 ulla
2356 1976 2666 2041 varietate
2698 1975 2798 2041 vel
2841 1977 3029 2040 nimis
3064 1995 3248 2058 saepe

692 2079 1102 2155 repetuntur:
2676 2093 2684 2103 ·

886 2198 952 2258 53
998 2191 1167 2281 φασὶ
1222 2193 1281 2259 δ’
1336 2187 1825 2260 ἀποδεδωκέναι
1879 2192 1955 2260 τὸ
2002 2192 2261 2282 χρυσίον
2309 2197 2410 2261 cll.
2465 2199 2547 2278 ἐξ
2603 2199 2661 2276 9,
2711 2200 2809 2277 11,
2858 2201 2955 2275 14,
3003 2199 3102 2274 15,
3152 2198 3247 2273 16,

1084 2299 1182 2373 17,
1229 2298 1329 2374 22,
1375 2299 1475 2375 23,
1523 2301 1625 2370 24,
1665 2302 1765 2376 25,
1812 2301 1914 2377 26,
1960 2301 2059 2376 29,
2106 2301 2207 2377 33,
2252 2301 2353 2378 34,
2399 2302 2501 2377 35,
2547 2304 2649 2377 41,
2694 2303 2795 2379 46,
2843 2303 2945 2365 47.

884 2400 950 2461 6:
995 2394 1370 2484 κελευούσης
1412 2395 1485 2461 δὲ
1529 2401 1642 2487 τῆς
1685 2401 2065 2487 συγγραφῆς,
2105 2405 2161 2464 7.
2210 2424 2267 2463 κ.
2314 2422 2369 2463 τ.
2419 2420 2479 2464 σ.

885 2503 950 2563 73
998 2490 1140 2564 οἵτε
1191 2496 1274 2564 τά
1321 2497 1590 2587 χρήματ’
1642 2499 1887 2568 ἐνέθετ’
1943 2498 2037 2578 εἰς
2086 2499 2199 2588 τὴν
2249 2504 2417 2581 ναῦν,
2474 2501 2574 2566 cll.
2621 2506 2704 2584 ἓξ
2749 2506 2807 2582 9,
2859 2506 2951 2582 10,
3001 2506 3099 2578 11,
3150 2506 3247 2581 16,

1086 2602 1183 2681 17,
1230 2605 1329 2681 20,
1377 2604 1480 2681 22,
1525 2607 1625 2683 27,
1673 2607 1754 2673 33
1795 2605 1914 2683 bis,
1957 2608 2057 2683 34,
2104 2609 2205 2671 40.

883 2708 950 2770 8:
996 2701 1387 2788 καταλαβὼν
1413 2742 1499 2753 --
1529 2709 1658 2771 τῶν
1685 2704 1967 2795 φορτίων
1997 2747 2078 2755 -
2112 2700 2466 2794 ἀπρασίαν,
2497 2710 2598 2771 22.
2627 2699 2688 2771 ἆ.
2723 2730 2782 2771 τ.
2810 2730 2877 2795 φ.
2910 2705 3247 2791 κατέλαβε.

845 2812 951 2873 113
997 2803 1204 2893 τούτῳ
1247 2804 1368 2893 γὰρ
1413 2806 1758 2891 προσέχετε
1801 2806 1913 2876 τὸν
1949 2812 2090 2875 νοῦν
2126 2839 2213 2866 =
2251 2813 2351 2876 23.

842 2913 948 2975 113
994 2905 1070 2974 τὸ
1109 2906 1369 2994 χρυσίον
1410 2906 1690 2997 εἰληφὼς
1729 2906 1828 2999 εἴη
1872 2912 1972 2977 oll.
2020 2916 2102 2994 ἓξ
2152 2917 2245 2991 14,
2297 2916 2395 2991 16,
2441 2915 2542 2991 20,
2590 2917 2691 2991 41,
2737 2916 2840 2990 46,
2885 2915 2986 2991 47,
3032 2916 3133 2977 49.

845 3016 954 3079 133
1001 3008 1592 3098 προσκαλεσαίμην,
1640 3011 2243 3100 προσεκαλεσάμην,
2299 3018 2391 3079 14.
2432 3012 2994 3099 προσκαλουμένῳ,
3044 3032 3247 3097 προσ-

1079 3114 1284 3193 καλεῖ,
1338 3119 1433 3179 15.
1481 3115 1861 3200 προσκαλεῖ.

841 3222 952 3283 143
998 3212 1229 3295 εἰπεῖν,
1273 3206 1441 3295 εἶπε,
1488 3212 1720 3296 εἰπεῖν,
1768 3221 1862 3283 15.
1907 3214 2138 3298 εἰπεῖν,
2185 3210 2353 3283 εἶπε.

840 3325 950 3386 143
998 3343 1032 3384 ο
1075 3312 1248 3393 εἰκὸς
1292 3305 1366 3403 ἦν
1409 3318 1511 3382 cll.
1558 3323 1640 3400 ἐξ
1692 3324 1786 3399 15,
1833 3324 1936 3386 40.

840 3426 948 3488 163
993 3415 1100 3507 υφ’
1149 3444 1218 3485 ου
1265 3416 1526 3503 ε’μελλεν
1568 3417 2173 3507 ἐξελεγχθίσεσθαι,
2215 3425 2317 3488 34.
2367 3418 2417 3485 ἒ.
2466 3444 2513 3484 ε.

844 3529 951 3590 173
997 3518 1447 3610 παραγραφὴν,
1493 3560 1584 3571 -
1625 3550 1682 3611 η,
1723 3564 1813 3573 —-
1857 3549 1948 3611 rv,
1992 3562 2075 3572 —
2120 3525 2177 3588 ἲ.

839 3630 945 3693 18.
988 3628 1330 3711 μαρτυρεῖν
1371 3617 1408 3689 o'
1451 3648 1518 3689 τι
1561 3622 1881 3709 βούλοιτο,
1940 3629 2040 3693 19.
2084 3625 2515 3711 μαρτυροῖσιν
2553 3616 2589 3687 ό
2628 3647 2694 3687 τι
2742 3647 2819 3687 αν
2867 3620 3243 3707 βουλωνται.

841 3731 949 3795 18:
993 3729 1361 3814 μαρτυρεῖν,
1416 3724 1777 3813 ἐμαρτύρει,
1853 3732 1951 3795 19.
1998 3727 2203 3814 ψευδγ
2248 3728 2616 3813 μαρτυρεῖν,
2670 3738 2746 3811 ψ.
2803 3745 3243 3817 μαρτυρουσιν,

1077 3849 1522 3915 μαρτυρουσιν.

834 3936 945 3999 303
989 3925 1134 3996 ἴστε
1177 3928 1296 4018 γὰρ
1341 3928 1552 4019 δήπου
1596 3928 1866 4010 πάντες,
1914 3934 2015 3998 39.
2062 3930 2176 3996 καὶ
2220 3932 2429 3996 ταῦτα
2472 3954 2547 3993 π.
2593 3924 2641 3993 ἴ.

836 4038 947 4101 353
993 4031 1152 4121 πρὶν
1189 4028 1322 4099 ὕπὸ
1365 4031 1592 4100 τούτου
1634 4034 2085 4120 διαφθαρῆναι
2126 4062 2214 4091 ---
2257 4038 2359 4100 41.

835 4142 945 4203 423
991 4134 1176 4201 ἕνεκα
1215 4138 1328 4201 τοῦ
1373 4138 1545 4202 πλοῦ
1592 4138 1704 4201 τοῦ
1735 4129 2053 4223 Ἀθήναζε
2090 4164 2177 4193 =
2218 4140 2321 4203 43.

857 4257 1054 4322 Vides
1106 4258 1172 4319 in
1231 4277 1322 4321 or.
1369 4256 1661 4321 XXXIV.
1726 4258 2016 4339 inprimis
2058 4278 2224 4335 rem,
2287 4257 2355 4319 in
2419 4273 2551 4335 qua
2610 4270 2803 4315 eausa
2861 4250 3070 4331 posita
3130 4255 3246 4328 est,

669 4360 1131 4447 *molestissime
1174 4361 1400 4442 repeti.
1490 4358 1672 4423 Idem
1714 4365 1927 4442 potest
1970 4360 2094 4423 diei
2142 4360 2222 4423 de
2269 4378 2360 4423 or.
2406 4353 2588 4433 LVI.,
2644 4373 2722 4416 ex
2766 4371 2897 4433 qua
2938 4350 3056 4415 has
3099 4370 3251 4414 oon-

689 4464 852 4545 gessi
897 4464 1299 4527 iterationes:

882 4586 947 4647 13
994 4584 1134 4657 τοῖς
1176 4577 1349 4646 κατά
1394 4576 1742 4644 θάλατταν
1801 4575 1915 4667 τὴν
1963 4575 2269 4663 ἐργασίαν
2328 4570 2807 4663 προῃρημένοις,
2874 4573 2973 4636 48.
3018 4572 3146 4637 τῶν
3186 4596 3247 4636 κ.

1079 4687 1151 4747 θ.
1200 4680 1592 4769 ἐργάζεσθαι
1635 4707 1730 4761 π.,
1775 4685 1877 4747 50.
1922 4683 2061 4757 τοῖς
2102 4678 2151 4745 ε’.
2194 4707 2269 4745 π.

887 4807 951 4867 13
999 4798 1210 4889 φάμεν
1250 4832 1337 4861 =
1383 4806 1484 4878 31,
1527 4805 1628 4878 37,
1674 4797 1919 4887 ἔφαμεν
1966 4802 2061 4864 13.
