3667 5250
1719 277 2140 340 ‚24-

650 503 776 566 περ
829 473 936 562 οὗχ
996 472 1260 568 ἥκιστα,
1325 505 1376 544 ω
1433 472 1494 544 ὅ.
1544 480 1624 560 δ.,
1672 476 2068 567 συνετιμήθη
2127 475 2212 544 τὰ
2280 477 2433 566 περὶ
2493 475 2604 547 τὸν
2667 483 2848 547 σῖτον
2912 479 2992 548 ἐκ
3060 485 3204 548 τῶν

648 578 1018 648 τοιούτων
1059 579 1502 648 ἐπιστολῶν
1540 580 1676 648 καὶ
1730 584 2161 669 συνεργιῶν,
2221 585 2321 649 26.
2366 582 2545 670 περὶ
2608 581 2691 649 δὲ
2746 585 2891 650 τῶν
2946 586 3201 651 δανει-

650 686 846 749 στῶν
887 724 990 764 -,
1057 680 1197 749 ἔστι
1239 682 1356 769 μὲν
1397 679 1577 750 ούδέν
1619 682 1785 772 πρὸς
1829 680 1999 773 ἡμᾶς
2033 687 2285 766 τοῦτο,
2352 689 2455 752 40.
2507 685 2620 751 καὶ
2676 683 2795 774 γὰρ
2844 690 3095 768 τοῦτο,
3151 677 3204 754 ῶ

649 779 710 850 ὅ.
746 781 863 867 Ἀ.,
909 783 1263 854 θεάσασθε
1304 783 1416 875 τὴν
1453 782 1828 875 ύπερβολίν.

817 891 943 956 Pro
984 891 1212 976 verbis,
1256 913 1420 975 quae
1465 900 1617 956 sunt
1657 891 1947 970 XXXIV,
2003 893 2113 958 30:
2161 885 2306 955 ἴστε
2357 886 2477 978 γὰρ
2520 889 2731 979 δήπου
2774 891 3058 972 πάντες
3099 886 3198 959 ὅτι

647 989 1045 1074 δανείζονται
1090 996 1558 1077 exspectaveris
1605 988 1653 1058 ἴ.
1705 1017 1760 1079 γ.
1808 993 1866 1058 δ.
1914 990 2173 1070 πάντας
2213 985 2267 1058 ‘o'.
2315 993 2373 1058 δ.
2416 995 2515 1059 vel
2556 988 2605 1059 ἴ.
2650 1018 2705 1081 γ.
2754 995 2811 1060 δ.
2856 988 2959 1061 ὅτι
3002 1021 3077 1060 π.
3121 997 3205 1076 δ.,·

647 1095 724 1160 cf.
771 1101 810 1175 ἓ
863 1099 961 1162 19.

817 1198 1107 1277 XXXIV,
1153 1202 1238 1266 40
1289 1204 1508 1264 orator
1561 1199 1912 1283 particulas
1964 1189 2108 1262 ο’ύτε
2156 1237 2240 1246 -
2284 1221 2355 1263 τε
2405 1201 2574 1264 inter
2625 1221 2694 1265 se
2742 1202 3203 1283 respondentes

646 1301 822 1378 fecit3
869 1301 1040 1366 idem
1082 1301 1223 1366 fieri
1260 1304 1552 1368 videmus
1596 1307 1634 1382 ἓ
1678 1305 1761 1368 46
1808 1308 1875 1366 et
1918 1300 2078 1384 LVI,
2124 1303 2235 1385 343
2277 1297 2437 1388 μήτε
2477 1339 2546 1349 -
2578 1298 2738 1389 μήτε
2778 1341 2863 1350 -—
2890 1325 2962 1367 τε
3002 1302 3203 1369 habes

645 1402 806 1482 LVI,
854 1406 939 1469 20
951 1426 967 1480 ;
1008 1404 1076 1468 cf
1113 1396 1260 1469 οἵτε
1304 1443 1384 1454 -
1431 1397 1577 1469 ο’ύτε
1609 1443 1693 1453 -—-
1741 1396 1888 1468 ούδέ
1924 1403 2085 1483 LVI,
2133 1407 2234 1468 26.

818 1505 1106 1585 XXXIV,
1148 1509 1229 1573 49
1263 1528 1402 1590 sqq.
1443 1528 1821 1590 responsum
1854 1527 1984 1571 non
2006 1507 2288 1588 quadrat
2322 1507 2409 1571 ad
2430 1507 2999 1590 interrogationem
3021 1530 3205 1591 prae-

647 1610 1007 1687 cedentem3
1061 1609 1330 1693 legimus
1354 1611 1525 1674 enim
1545 1611 1732 1674 haec:
1772 1603 1886 1674 ούκ
1914 1596 2021 1674 οὖν
2061 1600 2329 1689 ἄτοπον,
2375 1603 2530 1673 εἰ-
2552 1603 2628 1674 τὸ
2669 1605 2787 1693 μὲν
2821 1648 2902 1656 -
2950 1613 3205 1688 πιστῶς

649 1705 1033 1790 ἀκούσεσθε,
1079 1709 1154 1777 τὸ
1201 1711 1258 1776 δ’
1296 1753 1380 1760 -
1427 1704 1713 1777 άπιστον
1776 1707 1965 1777 ἐσται
2026 1711 2184 1798 παρ’
2242 1705 2422 1794 ύμῖνς
2479 1712 2873 1799 μηδαμῶς,
2938 1701 2991 1778 ὦ
3024 1706 3094 1778 ά.
3143 1714 3200 1779 δ.

646 1813 893 1878 Eadem
921 1816 1390 1881 inconcinnitas
1431 1823 1530 1881 est
1560 1814 1719 1894 LVI,
1769 1817 1882 1880 28:
1927 1809 2043 1879 διὰ
2087 1815 2295 1878 ταῦτα
2333 1807 2515 1878 οὐδὲν
2557 1807 2808 1892 ἀδικεῖς
2848 1806 3048 1903 ἣμᾶςς
3092 1810 3205 1883 ούκ

648 1908 834 1999 οἶμαί
877 1939 964 2002 γε,
1011 1924 1078 1983 et
1122 1921 1232 1984 50:
1277 1913 1383 1996 τίς
1423 1914 1544 2005 γὰρ
1597 1914 1897 1982 ἐθελύσει
1951 1913 2035 1981 τὰ
2076 1940 2303 1982 εαυτου
2357 1914 2725 2003 προέσθαι,
2777 1917 3133 2005 μηδαμῶς,
3154 1907 3206 1984 ὦ

650 2011 710 2083 ά.
758 2019 814 2084 δ.
905 2019 1307 2085 Conferenda
1347 2026 1500 2086 sunt
1543 2022 1738 2086 etiam
1792 2020 2005 2098 verba,
2076 2041 2241 2103 quae
2282 2021 2586 2102 leguntur
2628 2021 2788 2101 LVI,
2856 2027 2924 2086 2.
2966 2023 3061 2107 τῷ
3102 2010 3207 2086 οὖν

649 2119 816 2187 ποτὲ
856 2120 1270 2202 πιστεύοντες
1321 2121 1435 2188 καὶ
1479 2120 1547 2188 τί
1591 2119 1896 2207 λαβόντες
1938 2119 2013 2187 τὸ
2062 2119 2327 2206 βέβαιον
2378 2119 2784 2207 προϊέμεθας
2804 2117 2999 2208 υμῖν,
3046 2111 3099 2189 ὦ
3143 2116 3203 2188 ά·.

646 2225 728 2304 δ.,
775 2226 1008 2308 quibus
1052 2247 1145 2306 ea,
1189 2227 1275 2291 ad
1319 2247 1485 2311 quae
1529 2247 1908 2310 responsum
1954 2233 2101 2309 apte
2135 2226 2358 2290 referri
2389 2232 2619 2309 potest,
2652 2228 2905 2310 longius
2952 2227 3205 2292 absunt.

820 2328 895 2393 In
942 2351 1032 2394 or.
1077 2330 1237 2395 LVI.
1298 2329 1703 2413 paragrapho
1772 2331 1969 2394 tertia
2039 2334 2362 2393 oratorem
2429 2348 2545 2412 pro
2602 2326 2737 2394 ἐκεῖ
2796 2331 3208 2414 neglegenter

649 2431 934 2512 posuisse
988 2428 1197 2498 ἐκεῖσε
1248 2438 1322 2497 ut
1375 2435 1834 2511 existimemus,
1899 2430 2138 2496 similes
2197 2432 2475 2496 suadent
2535 2433 2820 2504 eiusdem
2880 2436 3209 2518 scriptoris

650 2534 1117 2616 neglegentiae3
1180 2537 1345 2600 dixit
1405 2537 1575 2601 enim
1637 2536 1832 2600 etiam
1887 2531 2097 2598 ἐκεῖσε
2145 2555 2264 2616 pro
2310 2531 2443 2599 ἐκεῖ
2487 2539 2567 2615 ἐξ
2615 2539 2695 2600 25
2744 2542 2810 2600 et
2852 2538 2935 2602 30
2979 2535 3085 2622 (cf.
3132 2536 3205 2602 G.

650 2637 730 2701 H.
780 2637 1026 2704 Schaef.
1095 2641 1181 2704 ad
1251 2640 1434 2719 1283,
1491 2664 1567 2718 22,
1635 2638 1948 2705 Schwarz.
2004 2638 2066 2702 d.
2112 2637 2152 2701 1.
2204 2659 2308 2720 pp.
2367 2641 2669 2725 10-11),
2736 2632 3049 2705 τάνθένδε
3092 2662 3207 2723 pro

652 2732 946 2805 τάνθάδε
987 2746 1026 2823 ξ
1074 2746 1132 2809 9.
1177 2742 1522 2828 (Schwarz.
1569 2742 1630 2807 d.
1675 2742 1718 2805 l.
1764 2763 1824 2824 p.
1876 2740 2005 2824 11),
2051 2739 2348 2827 μηδαμοῦ
2401 2741 2522 2827 (sic
2567 2743 2845 2822 codices,
2909 2738 3207 2809 Dobraeo

652 2840 985 2930 μηδαμόσε
1031 2845 1330 2933 debetur)
1371 2867 1488 2927 pro
1527 2840 1865 2933 μηδαμόσε
1909 2847 1949 2925 ἓ
1983 2848 2083 2910 11.

824 2947 983 3026 LVI,
1026 2952 1098 3013 11
1150 2948 1308 3013 haec
1349 2947 1592 3013 habent
1632 2949 1910 3013 codices:
1967 2939 2470 3031 άγανακτουντες
2513 2988 2597 2996 -
2644 2944 2756 3011 καὶ
2799 2944 3211 3034 ἐγκαλοῦντες

654 3041 776 3113 ότι
821 3045 1219 3138 διαρρήδηνε
1193 3052 1368 3137 ὴμῶν
1413 3048 1879 3138 διορισαμένων
1920 3047 1987 3113 ἐν
2021 3050 2169 3126 ταῖς
2212 3046 2570 3172 συνθήκαις
2611 3086 2714 3129 -,
2753 3049 2884 3116 καὶ
2928 3042 3048 3116 ότι
3092 3048 3211 3116 ἐπι

655 3148 926 3230 ταύταις
967 3157 1116 3230 ταῖς
1155 3147 1527 3239 ὁμολογίαις
1572 3150 2006 3218 δανεισάντων
2034 3147 2110 3217 τὸ
2143 3145 2451 3238 ἀργύριον,
2497 3146 2666 3239 ημᾶς
2700 3149 2818 3236 μὲν
2850 3147 2966 3217 ἐν(
2941 3149 3211 3241 υποψίᾳ

657 3253 1131 3342 mmmmm,-
1195 3277 1326 3339 qua
1391 3258 1683 3322 codicum
1750 3258 2073 3339 scriptura
2136 3262 2390 3321 servata
2451 3293 2530 3303 -
2594 3277 2712 3321 nec
2773 3262 2896 3335 est,
2964 3278 3081 3321 cur
3143 3258 3209 3320 in

657 3360 1072 3441 suppositicia
1131 3359 1255 3423 hac
1323 3361 1638 3439 oratione,
1709 3362 1774 3423 in
1842 3380 1973 3441 qua
2050 3360 2205 3440 quin
2268 3359 2625 3441 permultae
2696 3359 2896 3424 insint
2957 3359 3212 3425 dicendi

660 3463 1097 3545 neglegentiae
1127 3464 1255 3526 iam
1283 3482 1414 3526 non
1435 3462 1780 3541 dubitabis,
1807 3462 2087 3527 alterum
2110 3460 2273 3524 illud
2302 3451 2405 3524 ὅτι
2425 3461 2750 3526 deleamus
2779 3483 2925 3526 cum
2954 3461 3210 3527 Reiskio

659 3567 755 3648 (et
799 3564 872 3630 G.
915 3564 996 3629 H.
1043 3563 1412 3650 Schaefero)
1479 3565 1593 3649 (ad
1641 3566 1802 3632 1286
1823 3614 1839 3643 ,
1885 3564 1965 3650 15)
2020 3601 2085 3609 -—
2134 3564 2272 3640 illa,
2335 3564 2626 3645 inquam,
2679 3565 2973 3629 codicum
3016 3565 3215 3646 scrip-

659 3675 811 3733 tura
857 3674 1128 3746 servata,
1178 3667 1584 3733 desideratur
1627 3676 1776 3732 ante
1821 3662 2253 3731 δανεισάντων
2294 3665 2650 3731 subiectum
2697 3661 2887 3753 ἣμῶν.

831 3770 1001 3835 Male
1040 3773 1316 3835 iteratur
1356 3771 1518 3849 LVI,
1565 3774 1643 3835 12
1688 3765 1852 3858 φησί
1895 3776 2044 3853 post
2085 3764 2237 3856 ἔφη,-
2280 3768 2355 3832 cf.
2396 3774 2435 3849 ξ
2476 3772 2577 3835 36.

831 3874 991 3953 LVI,
1040 3878 1120 3939 14
1166 3874 1342 3938 dicta
1384 3881 1560 3939 sunt:
1601 3875 1729 3938 τῶν
1768 3866 2086 3957 ὑμετέρων
2130 3870 2423 3936 πολιτῶν
2462 3868 2631 3948 τινές
2658 3910 2743 3919 —-
2774 3868 3214 3954 συνεβούλευον

662 3971 813 4063 ἡμῖν
851 4016 934 4024 -
975 3972 1123 4053 τοὺς
1152 4015 1235 4024 -
1267 3971 1592 4053 εῖςῬόδον
1633 3972 1863 4053 τόκους
1903 3973 1988 4060 μὴ
2022 3974 2496 4058 καθομολογεῖν
2530 3997 2715 4051 τεως
2754 3978 2873 4060 (sic
2909 3975 2975 4039 F.
3011 3974 3073 4040 S.
3107 3974 3214 4060 Q.)

666 4072 745 4144 ἂν
782 4080 1142 4165 κριθῶμεν,-
1211 4088 1486 4163 apparet
1547 4076 1708 4156 τέως
1769 4079 1875 4143 hjc
1938 4079 2111 4141 idem
2176 4076 2533 4160 significare
2598 4083 2792 4159 atque
2845 4074 2991 4155 ἕως,
3033 4079 3213 4154 dum3

664 4184 887 4248 similis
930 4185 1360 4248 inconstantia
1412 4182 1534 4248 hoc
1585 4182 1725 4248 loco
1780 4182 2033 4246 videtur
2086 4200 2252 4263 esse,
2308 4180 2565 4262 qualem
2618 4182 2960 4244 statuimus
3020 4202 3214 4263 supra

664 4287 751 4351 ad
790 4285 950 4363 LVI,
996 4287 1064 4362 33
1116 4306 1245 4350 non
1287 4287 1485 4368 igitur
1537 4281 1698 4362 τέως
1739 4284 2125 4348 mutandum
2177 4302 2313 4347 esse
2363 4302 2587 4346 censeo
2641 4284 2707 4345 in
2760 4278 2895 4358 ἕως,
2939 4282 3008 4345 id
3040 4282 3214 4365 quod

666 4388 954 4453 fecerunt
1016 4388 1286 4471 exempli
1355 4390 1565 4471 gratia
1625 4387 1947 4465 ReiskiuS,
2003 4385 2077 4451 G.
2140 4384 2220 4449 H.
2287 4383 2664 4450 Schaeferus
2729 4385 2845 4469 (ad
2888 4388 3070 4464 1287,
3114 4384 3212 4470 15),

667 4489 1038 4556 Dindorfius
1109 4492 1202 4575 (in
1273 4499 1547 4574 utraque
1618 4490 1826 4577 edit),
1906 4510 2033 4553 non
2106 4488 2491 4567 VoemeliuS,
2577 4489 2880 4570 quodque
2963 4487 3216 4551 videtur

667 4594 970 4678 probasse
1018 4592 1412 4659 Schwarzius
1456 4592 1526 4677 (l.
1571 4592 1613 4656 l.
1657 4613 1763 4674 pp.
1809 4594 1973 4657 12-
1986 4590 2108 4675 13).

841 4695 999 4780 LVI,
1043 4699 1122 4761 24
1170 4696 1328 4779 legis
1383 4690 1779 4779 ἐκλεγόμενοι
1832 4689 2058 4757 τίνων
2110 4717 2177 4757 αι
2234 4690 2423 4776 τιμαὶ
2476 4689 2865 4757 ἐπετέταντο
2916 4692 3215 4773 videsque

668 4801 791 4864 hoc
831 4801 971 4864 loco
1016 4794 1206 4862 τίνων
1249 4804 1629 4879 usurpatum
1672 4817 1808 4860 esse
1852 4816 1970 4878 pro
2013 4790 2196 4879 (ἐνια)
2243 4820 2331 4859 ων
2382 4794 2489 4880 (cf.
2536 4795 2746 4860 Reisk.
2796 4796 2883 4859 ad
2932 4797 3212 4872 1290,1⁷,
