3667 5250
1478 323 1897 388 ..19-

613 525 680 590 23
726 529 809 611 ‘cci
859 512 967 590 ούν
1005 523 1172 592 ποτέ
1215 525 1629 608 πιστεύοντες
1673 530 1787 594 καὶ
1829 527 1897 594 τί
1942 524 2248 613 λαβόντες
2288 524 2364 593 τὸ
2409 525 2691 611 βέβαιον,
2759 532 2856 593 15.
2898 523 2966 592 τί

803 623 922 713 γὰρ
964 623 1207 710 ἔχοντες
1249 627 1506 697 δίκαιον
1537 624 1578 719 ’ἢ
1623 629 1691 697 τί
1732 627 2139 719 τὸ.ἶσχυρόν,·
2732 641 2739 650 '

611 732 680 795 3:
727 727 1184 815 δανεισάμενος
1238 771 1321 778 —
1376 730 1495 798 ἐπὶ
1546 736 1626 822 τῇ
1673 732 1774 822 νηὶ
1821 789 1827 795 .,
1842 775 1926 783 -
1992 731 2093 822 ἐφ’
2136 719 2188 819 ᾧ
2236 755 2306 796 τε
2365 727 2478 818 τὴν
2538 732 2691 796 ναῦν
2763 754 2966 796 κατα-

804 833 1004 909 πλεῖν,
1027 827 1344 921 Ἀθήναζε
1388 836 1489 900 011.
1535 840 1618 918 ἓξ
1664 841 1721 914 5,
1765 841 1822 916 6,
1882 841 1975 916 17,
2021 840 2123 915 20,
2165 840 2267 913 42,
2313 836 2415 899 49.

613 936 681 999 3:
728 931 936 1001 ἐκεῖσε
976 933 1334 1020 ἐξελόμενος
1377 927 1668 1006 ἀπέδοτο
1711 937 1812 1003 011.
1859 942 1942 1020 ἓξ
1994 943 2088 1018 10,
2136 941 2237 1016 20,
2283 939 2384 1000 21.

494 1096 496 1098 ,
614 1039 683 1102 63
728 1035 844 1103 καὶ
886 1035 1004 1102 ἐπὶ
1048 1035 1319 1116 ταύταις
1357 1041 1506 1116 ταῖς
1557 1033 1931 1125 ὁμολογίαις
1979 1037 2377 1119 δανείζονται
2433 1037 2535 1102 011.
2582 1040 2665 1118 ἐξ
2714 1040 2811 1116 11,
2867 1041 2969 1102 42.

613 1142 681 1205 63
727 1136 824 1218 εἰς
863 1136 1073 1226 ἕτερον
1115 1136 1426 1227 ἐμπόριον
1467 1133 1648 1206 οῦδὲν
1688 1135 1832 1207 ἀλλ’
1867 1136 1912 1231 ’ὴ
1956 1139 2049 1220 εἰς
2083 1137 2368 1229 Ἀθήνας
2410 1139 2511 1204 011.
2560 1143 2618 1219 9,
2667 1143 2766 1204 11.

614 1244 673 1306 93
718 1243 807 1327 τᾷ
854 1239 1288 1329 Παρμενίσκῳ
1330 1245 1424 1328 τῷ
1465 1245 1764 1328 κοινωνῷ,
1819 1248 1913 1311 10.
1960 1239 1995 1309 ὃ
2039 1248 2126 1308 Π.
2174 1238 2209 1308 ὃ
2252 1240 2507 1308 τουτουὶ
2551 1266 2611 1306 κ.

580 1347 686 1408 163
732 1345 845 1432 τῆς
890 1347 1251 1434 συγγραφῆς
1295 1343 1409 1411 καὶ
1453 1349 1581 1411 τῶν
1621 1342 1897 1412 δικαίων
1939 1347 2041 1412 011.
2082 1350 2166 1428 ἓξ
2214 1350 2312 1424 12,
2356 1347 2456 1410 34.

575 1449 682 1511 173
728 1441 855 1528 ἐγει
897 1444 1184 1534 δεύτερον
1226 1443 1368 1526 ἔτος
1403 1444 1494 1513 ’τὰ
1537 1442 1809 1538 ἣμέτερα
1854 1448 1954 1513 011.
2002 1452 2084 1530 ἐξ
2129 1451 2229 1527 34,
2277 1450 2381 1514 35.

565 1553 676 1614 21:
723 1539 766 1612 ὃ
803 1545 882 1637 δὴ
925 1547 1094 1636 λέγει
1142 1546 1307 1636 πρὸς
1349 1550 1531 1615 ταῦτ’
1578 1544 1927 1630 ἀκούσατε,
1993 1553 2093 1616 22.
2146 1545 2311 1636 πρὸς
2355 1545 2627 1614 ἕκαστον
2670 1585 2754 1593 -
2800 1539 2885 1626 ἀ.,
2930 1537 2973 1609 ἃ

806 1649 1917 1738 λέγομεν..

572 1758 683 1821 35.
729 1778 799 1818 τε
873 1752 1102 1820 δίκαια
1163 1749 1370 1820 ταύτὰ
1407 1753 1584 1842 περὶ
1646 1748 1891 1842 ἀμφοῖν
1952 1751 2094 1818 ἐστι
2144 1751 2258 1818 καὶ
2318 1747 2345 1817 ’ῗ
2410 1754 2648 1840 πρᾶξις
2702 1746 2740 1838 ἦ
2794 1744 2972 1830 αύτί,

808 1863 908 1924 45.
953 1881 1065 1945 την
1105 1855 1178 1922 δέ
1216 1883 1328 1978 πρ.
1417 1882 1583 1923 ειναι
1625 1881 1742 1922 και
1786 1851 1921 1938 ἐξί
1896 1852 2031 1932 ενὸς
2072 1880 2130 1920 κ.
2180 1853 2228 1920 ἐ.
2275 1848 2338 1920 ἀ.

575 1962 686 2024 363
720 1953 1089 2048 Αθήνηθεν
1129 1999 1214 2008 -
1257 1957 1351 2037 εἷς
1393 1955 1706 2044 Λίγυπον
1747 1983 1807 2022 κ.
1856 1955 1928 2039 ἐξ
1966 1953 2129 2043 Λίγ.
2165 1952 2603 2046 Ἀθηναζε-
2516 1986 2603 1996 --
2636 1914 2744 2023 45.

573 2066 686 2127 413
733 2055 1324 2151 ουκέσώθηηναῦς
1349 2058 1444 2140 εἰς
1474 2086 1584 2127 τον
1605 2061 1914 2146 Πειραιᾶ,
1962 2063 2064 2125 42.
2098 2053 2169 2124 οὗ
2195 2053 2655 2125 σέσωσταιτν.
2682 2055 2854 2136 εἶςτ.
2886 2062 2974 2122 Π.

588 2164 716 2230 Sed
742 2165 1100 2243 redeamus,
1145 2167 1317 2230 unde
1361 2165 1630 2248 digressi
1675 2183 1947 2241 eramus,
1993 2163 2441 2245 reliquumque
2484 2168 2784 2228 ornatum
2828 2181 2974 2227 con-

415 2268 788 2350 sideremuS.

586 2368 1096 2435 Paren-theses
1135 2370 1559 2435 animadverti
1590 2368 1736 2432 has:
1774 2367 2070 2447 XXXIII,
2107 2369 2219 2432 37:
2266 2361 2363 2451 (τὸ
2393 2368 2627 2453 ῥᾷστον
2653 2370 2791 2445 τοῖς
2830 2360 2973 2432 ἀδι-

417 2473 555 2536 κεῖν
575 2469 712 2550 ,καὶ
757 2474 1181 2560 συκοφαντεῖν
1210 2468 1708 2560 προῃρημένοις),
1759 2470 2051 2549 XXXIV,
2102 2475 2165 2535 13
2213 2463 2493 2554 ἀκριβῶς
2531 2464 2695 2550 ἴστε,
2741 2474 2851 2537 103
2891 2465 2977 2548 ὡς

420 2567 749 2659 ἀκούομεν,
821 2579 924 2640 113
969 2570 1197 2661 (τούτῳ
1239 2569 1360 2661 γὰρ
1401 2571 1746 2660 προσέχετε
1787 2568 1900 2639 τὸν
1937 2573 2100 2657 νοῦν)
2156 2572 2233 2637 01.
2280 2575 2389 2639 233
2434 2574 2513 2658 (τ.
2559 2596 2613 2659 γ.
2658 2599 2732 2638 π.
2776 2597 2833 2639 τ.
2877 2575 2973 2658 ν.),

421 2681 529 2744 143
572 2667 614 2743 εὸ
651 2673 826 2754 εἶκὲς
871 2664 960 2763 ἦν,
1029 2679 1139 2742 213
1195 2671 1282 2753 ὡς
1331 2668 1590 2762 ῦστερον
1634 2671 2053 2760 ἐπυθόμεθα,
2122 2676 2289 2755 LVI,
2333 2681 2370 2742 7
2386 2702 2401 2741 3
2450 2675 2558 2739 ἵνα
2600 2673 2763 2764 μηδὲ
2803 2678 2975 2741 τοῦτ’

421 2772 700 2867 ἀγνοῆτε,
769 2783 877 2845 113
926 2768 1062 2844 οἷον
1105 2774 1294 2858 εἰκός,
1360 2784 1468 2845 243
1517 2770 1719 2862 οἶμαι,
1767 2779 1845 2844 01.
1893 2782 2003 2845 293
2050 2769 2151 2857 οἷ.,
2196 2782 2306 2845 253
2353 2770 2439 2855 ῶς
2484 2800 2669 2865 φατε,
2736 2781 2847 2845 283
2892 2773 2978 2856 ὡς

420 2868 594 2947 οῦτοι
640 2878 912 2967 λέγουσι.
1004 2880 1095 2946 cf.
1141 2884 1337 2947 etiam
1379 2877 1540 2969 φησί
1596 2887 1662 2945 et
1718 2875 1841 2967 ἔφη
1903 2882 2265 2947 interiecta:
2325 2879 2613 2960 XXXIV,
2661 2886 2741 2949 32
2757 2932 2771 2959 ,
2816 2881 2974 2961 LVI,

427 2988 686 3064 12,<14,
735 2988 834 3049 24.
923 2984 1208 3049 Dubium
1248 2986 1445 3067 igitur
1489 3004 1624 3048 esse
1666 3004 1795 3047 non
1840 2990 2079 3065 potest,
2141 2984 2297 3064 quin
2347 3003 2468 3046 usu
2521 2983 2978 3065 parentheseos

419 3089 626 3153 oratio
673 3086 967 3152 XXXIII.
1011 3087 1196 3154 valde
1235 3092 1495 3170 superet
1540 3087 1865 3150 orationes
1906 3083 2195 3149 XXXIV.
2240 3092 2306 3148 et
2348 3083 2508 3149 LVI.

591 3190 876 3272 Figura
929 3189 1438 3273 etymologica
1489 3188 1732 3251 occurit
1781 3186 2073 3265 XXXIV,
2132 3191 2195 3252 l:
2255 3182 2623 3270 συμβόλαια
2674 3226 2765 3233 -—
2819 3208 2978 3271 συμ-

417 3287 784 3375 βάλλοντες,
837 3294 942 3355 123
989 3287 1172 3376 λόγον
1201 3328 1292 3338 ——
1325 3286 1513 3373 λέγει,
1558 3287 1716 3367 LVI,
1756 3291 1815 3366 6,
1858 3291 1959 3367 20,
1994 3292 2105 3353 493
2152 3285 2514 3375 συγγραφὴν
2556 3286 2975 3376 γράψασθαι,

422 3398 520 3458 17.
583 3388 942 3478 πρόκλησιν
994 3432 1076 3439 -
1131 3386 1724 3479 προύκαλεσάμεθ’,
1797 3392 1897 3457 33.
1954 3388 2403 3469 πεπλευκυίας
2462 3430 2551 3439 -—
2610 3388 2721 3456 τὸν
2774 3392 2981 3456 πλοῦν

419 3497 494 3560 01.
538 3499 654 3562 493
696 3490 844 3559 τούν
882 3494 1089 3559 πλοῦν
1131 3532 1206 3540 --
1253 3491 1712 3573 πεπλευκέναι,
1757 3494 1860 3558 48.
1904 3487 2086 3579 δίκην
2130 3490 2528 3573 δικάζοντες,
2568 3494 2645 3559 cf.
2670 3494 2831 3573 LVI,
2880 3498 2976 3560 16.

415 3598 643 3684 χρῆται
686 3599 826 3673 τοῖς
860 3593 1158 3683 χρήμασι.

591 3699 1205 3776 Alliterationes,
1243 3699 1312 3761 in
1352 3720 1513 3781 quas
1558 3719 1685 3763 non
1714 3697 1881 3763 forte
1926 3698 2269 3780 scriptores
2311 3700 2610 3765 videntur
2655 3699 2972 3776 incidisse,

419 3802 542 3867 hae
593 3802 1027 3883 reperiuntur:
1091 3799 1382 3877 XXXIV,
1444 3804 1510 3865 6:
1565 3802 1834 3884 πρᾶγμα
1891 3802 2075 3865 ποιεῖ
2126 3797 2409 3880 πάντων,
2471 3800 2642 3878 LVI,
2688 3806 2755 3865 2:
2820 3795 2979 3864 ἐκιὺν

421 3901 630 3990 ἕτερος
672 3898 863 3989 ἑτέρῳ
910 3896 1283 3988 ὃμολογίσῃ,
1334 3906 1439 3968 133
1485 3898 1767 3978 πολλοὺς
1794 3899 2201 3987 παραλαβών
2229 3899 2532 3991 προσῄεις
2578 3902 2653 3966 cf.
2686 3902 2976 3980 XXXIV,

420 4012 488 4071 4:
527 4002 748 4069 πάντα
779 4001 1122 4093 πεποίηκε,
1167 4003 1324 4082 LVI,
1369 4008 1478 4069 27:
1524 4004 1727 4083 δεῖξον
1771 3991 1878 4067 οῦν
1917 4005 2056 4079 τοῖς
2083 4003 2430 4083 δικασταῖς
2474 4004 2648 4069 δυοῖν
2678 4001 2975 4089 θάτερον.

591 4107 972 4174 Similiter
1001 4109 1437 4172 desinentia
1465 4106 1625 4170 haec
1654 4105 1786 4169 fere
1813 4112 1955 4170 arte
1986 4106 2287 4171 videntur
2315 4109 2635 4190 quaesita:
2680 4107 2975 4187 XXXIII,

419 4214 499 4277 2:'
535 4207 958 4295 ἐγκαλοῦντας
993 4206 1108 4273 καὶ
1145 4244 1238 4258 -—·
1274 4208 1830 4297 συκοφαντοῦντας
1862 4207 2141 4292 (Schulz.
2167 4232 2227 4292 p.
2253 4211 2380 4296 75),
2430 4214 2529 4275 25.
2560 4201 2974 4291 κομίσασθαι

415 4350 510 4361 ——
553 4308 966 4391 δικάζεσθαι,
1009 4310 1298 4389 XXXIV,
1364 4315 1431 4375 4:
1479 4304 1769 4397 ὃμολογζῆ,
1818 4302 2213 4398 ἀμφισβητῇ,
2280 4316 2391 4376 213
2445 4314 2850 4398 καταγνῶναι
2892 4351 2977 4360 —

420 4411 818 4500 ἀπογνῶναι,
891 4417 1002 4480 373
1045 4408 1454 4497 μετρούμενοι
1509 4408 1624 4476 καὶ
1680 4409 2276 4496 καταπατούμενοι,
2343 4417 2454 4479 403
2509 4406 2858 4497 εὐδοξῶμεν
2893 4452 2975 4461 -

419 4511 858 4601 ἀποβαλῶμεν
899 4516 1130 4600 (Blass.
1175 4537 1236 4598 p.
1284 4517 1408 4580 520
1453 4536 1515 4577 n.
1556 4515 1646 4599 1),
1699 4518 1812 4579 47:
1837 4508 2353 4599 ,ὁμολογούμενον
2400 4554 2473 4561 -
2534 4508 2975 4603 ἀμφισβητού-

415 4642 623 4703 μενον,
672 4621 780 4683 52:
825 4618 1465 4702 συνεπανορθοῦντας
1505 4654 1578 4663 -
1615 4618 2104 4701 συγχωροῦντας,
2150 4617 2307 4694 LVI,
2344 4621 2443 4681 27.
2481 4613 2857 4703 πεποίηκας
2896 4658 2974 4666 -

417 4716 793 4807 πεποίηκας
814 4757 891 4765 -
911 4713 1452 4800 κατακεκόμικας,
1497 4720 1598 4782 35.
1633 4715 2034 4807 σεσωσμένης
2068 4755 2143 4765 -
2196 4716 2693 4805 διεφθαρμένης,
2741 4726 2840 4785 47.
2861 4718 2975 4783 καὶ

416 4818 593 4911 ἡμᾶς
633 4819 746 4886 καὶ
780 4814 948 4903 ῦμᾶς
990 4820 1090 4885 011.
1135 4818 1437 4895 XXXIII,
1492 4822 1561 4883 3:
1609 4815 2161 4903 ἐπιβεβουλευκὼς
2202 4818 2317 4883 καὶ
2364 4858 2447 4867 ——
2490 4816 2979 4895 κατεσκευακώς

2570 4936 2629 4993 2*
