3667 5250
1496 316 1917 378 ..21-

431 511 734 598 χιασμόν,
792 516 1301 581 decussationem
1353 517 1651 596 Romani,
1703 518 1877 583 idem
1922 517 2253 583 Schulzius
2306 519 2376 602 (l.
2416 519 2457 582 1.
2504 540 2651 602 pgg.
2702 522 2985 606 80—81)

432 625 608 682 recte
670 619 936 683 monuit.
1053 617 1230 696 Quae
1302 621 1565 702 quidem
1626 621 1986 685 decussatio
2048 618 2117 684 in
2179 621 2469 685 oratione
2516 621 2811 688 XXXIII.
2857 644 2986 690 non

434 721 642 785 solum
693 720 1090 804 singulorum
1141 721 1512 799 verborum,
1575 722 1687 789 sed
1741 725 1936 788 etiam
2000 723 2434 788 membrorum
2487 726 2986 807 reciprocatione

433 821 785 888 conficitur.
874 821 1178 888 Conferas
1217 845 1456 906 quaeso
1502 828 1542 906 ἓ
1583 827 1652 890 3:
1715 822 2130 910 ἐγκαλοῖντος
2173 821 2246 889 δέ
2286 848 2398 908 μοι
2425 818 2861 913 Ἀπατουρίου
2903 823 2988 892 τὰ

437 923 644 1010 ψευδῆ
681 922 796 989 καὶ
840 919 1026 1011 παρὰ
1065 921 1213 1002 τοὺς
1248 922 1476 1010 νόμους
1519 924 1937 1010 δικαζομένου
1977 933 2044 992 et
2087 931 2127 1009 ξ
2175 932 2240 992 5:

634 1048 692 1092 a.
740 1023 853 1091 διὰ
898 1024 972 1091 δὲ
1015 1022 1090 1092 τὸ
1135 1019 1425 1114 ἀφῖχθαι
1469 1025 1839 1110 πολλαχόσε
1880 1027 1993 1093 καὶ
2039 1025 2151 1094 διὰ
2196 1024 2272 1094 τὸ
2314 1019 2481 1093 εἶναί
2522 1052 2634 1112 μοι
2680 1024 2801 1106 τὰς
2843 1030 2989 1095 δια-

824 1125 1051 1221 τριβὰς
1089 1127 1242 1215 περὶ
1282 1126 1359 1195 τὸ
1400 1126 1712 1218 ἐμπόριον

631 1231 692 1296 1).
739 1227 1065 1318 γνωρίμως
1107 1227 1230 1314 ἔχω

641 1357 692 1398 c.
739 1337 879 1412 τοῖς
921 1329 1261 1412 πλείστοις
1305 1337 1433 1400 τῶν
1472 1331 1799 1400 πλεόντων
1841 1331 1955 1422 τὴν
1996 1291 2360 1416 θάλατταν,

644 1458 696 1501 c.
742 1433 994 1513 τούτοις
1036 1433 1109 1500 δὲ
1151 1440 1290 1515 τοῖς
1333 1433 1406 1503 ἐκ
1451 1433 1806 1518 Βυζαντίου

631 1538 693 1603 1).
740 1537 854 1603 καὶ
899 1535 1074 1605 πάνυ
1114 1535 1369 1617 οἰκείως
1406 1541 1658 1626 χρῶμαι

635 1662 692 1706 a.
739 1637 852 1706 διὰ
895 1637 971 1705 τὸ
1015 1638 1433 1729 ἐνδιατρῖψαι
1480 1635 1740 1707 αἰτόθι.

609 1743 883 1808 Schulzii
913 1750 1132 1810 autem
1161 1746 1469 1828 exemplis
1499 1767 1533 1810 e
1566 1744 1990 1828 paragraphis
2025 1747 2082 1823 3,
2127 1749 2185 1824 5,
2224 1749 2282 1826 8,
2325 1750 2417 1824 17,
2452 1749 2551 1826 19,
2585 1746 2667 1810 28
2708 1745 2994 1810 collectis

435 1846 796 1911 addiderim
847 1850 928 1928 ἐξ
983 1849 1022 1912 3
1076 1867 1224 1929 sqq:
1287 1844 1702 1932 ἐγκαλοῦντος
1755 1883 1839 1891 ——
1895 1842 1970 1910 δέ
2018 1868 2131 1930 μοι
2165 1841 2601 1935 Ἀπατουρίου
2650 1844 2735 1912 τὰ
2788 1847 2991 1934 ψευδῗ

435 1946 549 2012 καὶ
595 1944 780 2032 παρὰ
823 1945 970 2026 τοὺς
1013 1944 1240 2032 νόμους
1265 1947 1699 2033 ,δικαζομένου
1725 1985 1816 1996 -
1860 1986 1961 2012 -.
1998 1942 2115 2026 (Ως
2158 1945 2369 2014 τοίνυν
2411 1975 2487 2015 π.
2534 1974 2590 2014 τ.
2636 1975 2686 2014 ν.
2734 1946 2994 2027 τούτους

435 2046 645 2138 εἷ’λτριέ
681 2076 794 2134 μοι
835 2047 948 2137 τὴν
988 2048 1172 2139 δίκην
1202 2045 1297 2116 Ἀ.
1348 2049 1462 2116 καὶ
1506 2075 1562 2115 τ.
1609 2063 1685 2138 ψ.
1736 2047 2127 2138 ἐγκέκληκεν,
2178 2057 2275 2118 14.
2320 2049 2437 2117 ἐπὶ
2478 2049 2597 2136 μὲν
2636 2047 2712 2117 τὸ
2756 2045 2992 2136 ὂμόσαι

437 2147 551 2219 οὒκ
593 2146 871 2242 ἀπήντα,
915 2192 1001 2202 —
1047 2154 1519 2241 προσκαλεῖται
1566 2150 1704 2238 [δὲ]
1748 2149 1862 2218 τὸν
1900 2151 2341 2240 Παρμένοντα,
2387 2159 2485 2220 14.
2529 2151 2995 2238 ἐπιτρέπουσιν

437 2251 528 2320 ἑνὶ
571 2253 688 2340 μὲν
732 2256 1031 2354 διαιτττῗ
1075 2297 1140 2305 --
1161 2307 1175 2336 ,
1223 2253 1333 2320 ἕνα
1364 2255 1421 2320 δ’
1457 2251 1751 2336 ἑκάτερος
1787 2252 2316 2341 παρεκαθίσατο,
2361 2260 2459 2322 25.
2492 2253 2836 2343 ἐξειστήκει
2867 2259 2995 2321 τῶν

437 2353 664 2424 ἑαυτου
709 2357 822 2423 καὶ
867 2355 980 2446 τὴν
1022 2361 1174 2424 voa-v
1215 2354 1607 2444 ἐπεπράκει,
1655 2361 1756 2424 37.
1802 2361 1993 2424 τοῦτο
2034 2398 2118 2407 —-
2157 2355 2240 2443 pc?
2293 2353 2799 2442 ἀναβαλλέσθω,
2848 2353 2991 2435 ἀλλ’

437 2499 518 2510 -
558 2459 803 2550 φερέτω
840 2499 932 2509 ——
973 2459 1093 2540 τὰς
1133 2458 1478 2548 συνθήκας.

603 2562 768 2630 Hinc
849 2565 1058 2632 elucet
1133 2565 1367 2631 eximia
1425 2571 1568 2630 arte
1653 2566 2031 2648 scriptorem
2110 2565 2419 2630 orationis
2487 2562 2781 2630 XXXIII.
2856 2585 2995 2630 ver-

433 2666 664 2732 borum
706 2667 929 2733 fecisse
975 2667 1588 2751 comprehensiones.
1687 2666 1814 2732 Sed
1863 2688 2096 2750 magno
2142 2688 2331 2750 opere
2375 2667 2498 2733 hac
2551 2689 2620 2733 re
2666 2668 2867 2733 distat
2909 2667 2992 2732 ab

433 2790 526 2849 ec,
572 2769 1002 2853 quibXXXIV.
1042 2774 1399 2837 orationem
1431 2777 1497 2835 et
1519 2769 1679 2835 LVI.
1707 2770 2104 2851 conscripsit.
2172 2768 2685 2836 concinnitatem
2729 2772 2990 2854 quidem

435 2872 871 2938 membrorum
923 2876 1135 2940 nescio
1202 2896 1284 2939 an
1347 2880 1519 2939 recte
1583 2873 1756 2957 apud
1817 2893 1965 2936 eum
2035 2894 2308 2955 usquam
2370 2894 2683 2957 apparere
2746 2894 2989 2955 negem.

437 2975 928 3041 Decussationes
1017 2998 1166 3042 vero
1247 2983 1388 3042 arte
1459 2976 1742 3059 quadam
1820 2981 1886 3039 et
1967 2976 2288 3040 industria
2368 2978 2643 3042 oratoris
2728 2974 2992 3040 effectae

433 3078 556 3142 hae
620 3079 917 3143 videntur
982 3100 1146 3145 esse:
1214 3078 1505 3156 XXXIV,
1571 3083 1630 3143 4.
1714 3073 1826 3141 ἐὰν
1881 3074 1954 3142 δέ
2006 3100 2109 3154 τις
2160 3075 2468 3164 γενέσθαι
2529 3075 2647 3162 μὲν
2699 3071 2991 3164 ὁμολογῇ,

437 3173 808 3268 ἆμφισβητξ
859 3178 933 3245 δὲ
973 3175 1059 3258 ὡς
1105 3177 1326 3244 πάντα
1372 3176 1724 3267 πεποίηκε,
1794 3182 1891 3244 17.
1937 3170 2038 3243 ὅτι
2087 3172 2229 3244 οἵτε
2273 3176 2357 3244 τὰ
2395 3176 2688 3267 χρήματα
2732 3175 2994 3245 ἔνθοιτο

436 3322 517 3330 -
564 3276 693 3347 οἵτ’
739 3276 1042 3347 ἀπέδωκε
1092 3278 1168 3348 τὸ
1215 3280 1498 3369 χρυσίον,
1559 3288 1660 3348 22.
1718 3276 1835 3345 οὒκ
1880 3279 2219 3365 ἐνθέμενος
2266 3322 2357 3331 -—-
2409 3279 2493 3347 τὰ
2532 3278 2825 3369 χρήματα
2878 3279 2992 3346 καὶ

434 3379 776 3472 ὑποθήκην
818 3378 931 3449 οὐκ
976 3380 1148 3466 ἐγων,
1216 3388 1317 3451 37.
1374 3377 1562 3471 οἷ’·σης
1605 3384 1662 3449 δ’
1708 3377 1885 3468 αὐτῷ
1933 3381 2230 3470 γυναικὸς
2271 3382 2510 3450 ἐνθάδε
2557 3382 2671 3449 καὶ
2714 3380 2990 3463 παίδων,

435 3489 562 3552 τῶν
614 3484 686 3551 δὲ
737 3484 944 3571 νόμων
998 3526 1080 3534 -
1136 3483 1676 3573 προτεθεικότων,
1756 3490 1859 3554 43.
1911 3481 2028 3565 ίΩς
2082 3525 2164 3533 -
2208 3483 2421 3573 γέγονέ
2466 3526 2566 3566 -,
2628 3480 2757 3552 ουδ’
2808 3480 2993 3550 αὐτοὶ

436 3584 682 3674 ἔξαρνοί
724 3586 882 3669 εἶσι,
945 3587 1483 3677 παραγράφονται
1527 3586 1600 3654 δὲ
1643 3584 1730 3666 ὡς
1777 3582 1891 3654 οὒκ
1935 3586 2361 3675 εἰσαγώγιμον
2400 3586 2512 3676 τὴν
2552 3585 2734 3676 δίκην
2778 3577 2990 3668 οὖσαν,

434 3692 592 3770 LVI,
632 3694 731 3756 50.
767 3688 890 3770 τὰς
916 3689 1036 3776 μὲν
1066 3688 1398 3780 συγραφὰς
1427 3685 1712 3778 ἀκύρους,
1757 3688 2094 3774 ἰσχύοντας
2124 3689 2196 3757 δὲ
2221 3689 2369 3770 τοὺς
2397 3688 2721 3768 τοιούτους
2752 3688 2989 3776 λόγους.

609 3793 734 3859 Sed
777 3792 955 3859 haud
998 3816 1149 3860 raro
1192 3797 1256 3859 in
1304 3794 1700 3859 orationibus
1726 3794 2015 3859 XXXIV.
2060 3802 2127 3859 et
2151 3794 2311 3860 LVI.
2359 3796 2493 3860 sine
2534 3795 2668 3860 ulla
2712 3801 2850 3859 arte
2893 3801 2993 3859 tot

436 3903 871 3980 congeruntur
920 3900 1269 3976 enuntiata,
1321 3903 1396 3961 ut
1434 3898 1839 3979 longissimae
1879 3899 2128 3981 periodi
2168 3900 2461 3975 evadant,
2504 3904 2577 3962 ut
2606 3896 2891 3976 XXXIV,
2933 3899 2989 3975 8,

449 4003 517 4066 19
562 4006 722 4065 extr.
778 4038 847 4047 —
899 4002 1000 4079 20,
1062 4001 1334 4078 34-’-35,
1398 4003 1480 4065 40
1527 4005 1688 4064 extr.
1734 4038 1818 4047 -
1856 4004 1958 4080 41,
2021 4001 2272 4066 collatis
2330 4001 2490 4065 locis
2549 3999 2699 4078 illis,
2760 3999 2992 4082 quibus

436 4103 564 4167 duo
627 4104 962 4167 enuntiata
1022 4102 1405 4167 secundaria
1467 4103 1861 4185 pronominis
1920 4103 2168 4167 relativi
2232 4102 2454 4167 formis
2525 4104 2989 4184 adiunguntur:

436 4204 720 4284 XXXIV,
776 4207 873 4269 16.
962 4200 1035 4267 τὸ
1083 4198 1365 4290 ἔγκλημα
1403 4195 1444 4269 (ὃ
1489 4226 1598 4251 -·
1654 4196 1690 4267 ὅ
1722 4211 1787 4268 et
1818 4208 1921 4270 28.
1966 4201 2087 4281 τὰς
2131 4200 2490 4282 ἐπιστολὰς
2534 4243 2615 4254 ——-
2657 4195 2735 4281 ἃς
2779 4244 2876 4283 —-,
2926 4201 2993 4269 ἐν

437 4296 574 4387 αἷς,
611 4313 684 4371 ut
724 4306 883 4385 LVI,
931 4309 1118 4385 3-4,
1167 4310 1268 4391 10,
1309 4310 1408 4384 11,
1454 4310 1552 4372 14.

605 4408 749 4473 Huc
792 4412 1116 4491 pertinent
1158 4409 1279 4474 loci
1322 4409 1432 4488 illi,
1479 4409 1714 4492 quibus
1760 4417 1981 4475 orator
2020 4409 2338 4493 particula
2368 4406 2483 4474 καί
2524 4409 2817 4475 adhibita
2844 4410 2989 4475 laxe

435 4514 712 4577 conectit
753 4512 1136 4577 sententias:
1177 4512 1478 4590 XXXIV,
1523 4514 1622 4577 18.
1715 4508 1965 4577 ἐδέοντο
2009 4506 2183 4599 ἡμῶν
2230 4509 2589 4599 ἐπιτρέψαι
2640 4509 2771 4577 τινί
2815 4564 2829 4577 .
2873 4511 2988 4577 καὶ

435 4610 617 4702 ἡμεῖς
648 4611 1100 4700 ἐπετρέψαμεν
1136 4611 1434 4700 Θεοδότῳ
1469 4609 1640 4679 κατὰ
1682 4611 2011 4700 συνθήκας
2055 4666 2069 4678 .
2112 4612 2226 4679 καὶ
2272 4608 2307 4679 ὃ
2337 4611 2635 4699 Λάμπις
2672 4656 2756 4664 -
2794 4613 2986 4703 ἐμαρ-

436 4714 607 4804 τύρει
647 4756 746 4797 —-,
797 4719 875 4783 13
905 4723 1065 4781 extr.
1100 4756 1178 4764 —
1222 4723 1319 4783 14.
1385 4710 1564 4801 κᾶγιὺ
1606 4717 1920 4803 κλητῗρας
1961 4712 2118 4797 &ficunt
2156 4716 2733 4807 προσεκαλεσάμην
2776 4713 2982 4783 αὐτόν.

437 4818 549 4884 καὶ
605 4813 639 4885 ὃ
698 4824 794 4884 Λ.
846 4856 937 4868 —-
986 4813 1266 4903 οὐδαμοῖ»
1311 4816 1655 4905 ἐτόλμησεν
1701 4814 1931 4897 εἰπεῖν,
1971 4819 2130 4900 LVI,
2175 4822 2213 4885 3
2261 4828 2421 4885 extr.
2475 4860 2559 4867 —
2610 4826 2650 4886 4
2686 4825 2770 4885 in.
2818 4813 2986 4884 ἀλλὰ
