3667 5250
1561 329 1987 398 ..-9...·

472 530 912 612 Digressiones
975 528 1286 595 habemus
1349 529 1642 608 XXXIV,
1711 533 1791 595 29
1854 530 2109 615 (contra
2173 530 2673 617 Phormionem),
2735 535 2815 598 36
2883 553 3021 614 sqq.

471 631 730 716 (contra
771 631 1190 718 Lampidem),
1237 630 1394 710 LVI,
1441 636 1477 695 7
1504 653 1642 714 sqq.
1689 633 1947 717 (contra
1986 633 2260 717 Aegypti
2304 633 2745 719 praefectum).
2809 633 3025 698 Etiam
3096 685 3099 690 .

467 734 1030 818 recapitulationes
1096 741 1368 817 utraque
1442 735 1648 799 oratio
1711 734 1937 799 habet:
1999 735 2291 814 XXXIV,
2355 737 2628 814 40—42,
2695 737 2797 813 46,
2858 733 3021 814 LVI,

473 841 552 902 45
597 837 699 901 cll.
743 840 823 902 25
859 836 936 922 (S.
969 835 1108 922 fin.)
1149 842 1214 901 et
1245 840 1325 904 37
1357 836 1441 921 (v.
1473 838 1713 923 supra).
1780 837 2023 902 Vitiose
2068 839 2318 904 diversa
2348 841 2703 921 iunguntur
2732 838 3023 923 XXXIV,

472 941 553 1004 32
588 945 654 1002 et
686 941 785 1017 33,
818 942 898 1004 43
933 945 998 1003 et
1026 944 1127 1018 44,
1176 943 1258 1004 44
1296 946 1362 1003 et
1403 944 1504 1023 45,
1549 943 1631 1006 45
1665 946 1732 1005 et
1761 944 1843 1005 46
1888 939 1994 1026 (cf.
2033 941 2237 1006 Blass.
2284 943 2407 1007 518
2448 963 2510 1004 n.
2545 943 2643 1018 10,
2689 943 2815 1006 520
2841 964 2904 1004 n.
2938 941 3023 1027 3).

472 1040 921 1107 Confusionem
973 1043 1178 1106 cernis
1232 1041 1520 1121 XXXIV,
1569 1046 1647 1108 16
1711 1043 1943 1129 (Blass
2000 1046 2125 1110 520
2179 1067 2239 1108 n.
2294 1043 2363 1130 4)
2418 1051 2482 1108 et
2532 1041 2693 1121 LVI,
2753 1046 3025 1122 40—42,

471 1144 584 1209 ubi
632 1145 700 1207 in
745 1143 1274 1228 recapitulatione
1324 1165 1454 1208 non
1503 1145 1677 1216 idem
1724 1152 1822 1210 est
1880 1147 2038 1210 ordo
2097 1154 2293 1230 atque
2349 1147 2415 1209 in
2468 1147 3023 1228 argumentatione

471 1267 628 1329 1psa.

643 1365 961 1443 Quoniam
1012 1367 1145 1432 dixi
1201 1368 1281 1431 de
1334 1367 1699 1431 orationum
1751 1366 2046 1432 XXXIII.
2102 1367 2390 1433 XXXIV.
2444 1368 2605 1434 LVI.
2659 1368 3023 1432 inventione

472 1475 540 1532 et
581 1469 1016 1553 dispositione,
1061 1471 1368 1552 sequitur,
1413 1476 1489 1534 ut
1528 1471 1841 1535 disseram

1411 1771 1487 1843 C.
1592 1758 1674 1843 lle
1728 1759 2099 1845 elocutione.

645 1946 858 2029 Atque
901 1949 1181 2031 primum
1225 1950 1487 2031 quidem
1531 1969 1849 2031 exponere
1889 1950 1957 2012 in
2001 1951 2213 2014 animo
2260 1957 2384 2033 est,
2430 1949 2687 2031 qualem

1515 2124 1571 2188 1.
1619 2121 1999 2188 ornatum

474 2259 816 2339 scriptores
858 2258 1254 2323 orationibus
1294 2258 1426 2322 suis
1470 2257 1808 2322 conciliare
1852 2258 2172 2322 studeant.

645 2377 851 2459 Agam
881 2379 1079 2460 igitur
1120 2398 1376 2442 necesse
1423 2384 1520 2442 est
1564 2378 1643 2442 de
1688 2379 1939 2459 tropis
1977 2384 2043 2442 et
2081 2377 2375 2461 figuris.

645 2480 747 2544 Ex
775 2480 901 2545 illis
937 2483 1226 2564 inprimis
1249 2480 1551 2546 notabilis
1579 2487 1680 2545 est
1709 2481 2128 2547 translatio
2161 2482 2289 2546 sive
2306 2476 2671 2567 μεταφοράς
2700 2483 2879 2546 cuius
2903 2483 3032 2563 pri-

475 2605 652 2647 mum
689 2605 888 2667 genus
915 2585 1079 2650 illud
1109 2591 1224 2663 est,
1261 2605 1389 2667 quo
1427 2586 1534 2663 „in
1574 2583 1766 2649 rebus
1794 2583 2179 2649 animalibus
2212 2583 2394 2648 aliud
2423 2604 2540 2666 pro
2574 2584 2703 2649 alio
2733 2585 3031 2667 ponitur“

445 2742 451 2749 .
477 2687 719 2772 (Quint.
739 2688 911 2773 VIII,
937 2688 1095 2775 6,9).
1137 2688 1452 2771 Exempla
1483 2688 1675 2753 huius
1705 2690 1954 2771 generis
1980 2687 2229 2753 obviam
2252 2688 2515 2752 veniunt
2536 2687 2827 2773 XXXIV,
2851 2691 2925 2753 17
2954 2688 3029 2752 01.

471 2793 578 2869 46,
605 2789 713 2854 ubi
736 2790 1012 2873 Lampis,
1043 2792 1394 2857 adversarii
1424 2792 1660 2869 sociae,
1686 2794 1786 2869 45,
1816 2790 1927 2855 ubi
1960 2791 2204 2856 iudices
2245 2786 2559 2876 μάρτυρες
2598 2790 3031 2865 nominantur,

479 2896 578 2971 52,
613 2914 740 2975 quo
765 2894 906 2960 loco
940 2895 1340 2959 adversarios
1369 2899 1589 2959 orator
1619 2894 1908 2977 appellat
1943 2888 2167 2981 θηρία,
2212 2892 2370 2972 LVI,
2419 2897 2512 2971 11,
2549 2913 2675 2975 quo
2709 2892 2849 2957 loco
2880 2892 3035 2975 legi-

479 3017 649 3061 mus:
695 2998 1022 3085 προσῇμεν
1061 2992 1266 3081 τούτῳ
1306 2997 1400 3081 τῷ
1443 2988 1841 3082 ἀρχιτέκτονι
1882 2996 1997 3081 (=
2015 2996 2491 3081 Dionysodoro)
2536 2996 2649 3081 τῆς
2690 2986 2840 3081 ὅλης
2882 2991 3031 3059 ἐπι-

480 3097 710 3185 βουλῆς
753 3098 878 3183 (Bl.
922 3121 984 3182 p.
1027 3100 1200 3185 525).
1289 3098 1582 3163 Alterum
1633 3098 2073 3164 translationis
2128 3120 2326 3181 genus
2336 3149 2354 3183 ,
2406 3119 2531 3181 quo
2585 3098 2809 3176 verba,
2867 3119 3030 3179 quae

482 3202 736 3284 proprie
804 3209 1198 3284 usurpantur
1259 3202 1338 3265 de
1396 3200 1788 3279 hominibus,
1853 3203 1938 3266 ad
1998 3223 2101 3266 res
2166 3201 2480 3264 inanimas
2532 3200 3029 3275 transferuntur,

480 3305 832 3386 insigniora
872 3304 1032 3369 haec
1074 3304 1358 3369 efficiunt
1407 3304 1726 3387 exempla:
1783 3303 2089 3388 XXXIII,
2154 3307 2264 3369 23:
2324 3298 2436 3367 τὸν
2473 3297 2735 3387 χρόνον
2776 3299 3035 3387 ἐμαυτῷ

481 3400 752 3493 ᾗγοῦμαι
797 3403 1140 3493 μάρτυρα
1183 3397 1356 3471 εἶναι.
1391 3404 1500 3493 ζοΐ.
1529 3406 1893 3472 Schulzium
1913 3406 1953 3471 l.
1974 3406 2013 3469 1.
2035 3428 2137 3488 pp.
2183 3406 2484 3492 42—44)‚
2529 3407 2639 3469 27:
2690 3400 3035 3490 μάρτυρά

481 3504 597 3593 μοι’
643 3532 806 3596 φημι
851 3505 961 3574 τὸν
1004 3505 1227 3593 νόμον
1267 3500 1793 3595 εἷναι(8011111Ζ.1.
1820 3510 1913 3595 1.),
1955 3508 2241 3588 XXXIV,
2277 3511 2387 3575 38:
2431 3504 2625 3591 τρίων
2654 3548 2722 3555 -—
2750 3508 3037 3593 καιρῶν

484 3608 1056 3699 κατειληφότων
1097 3608 1210 3675 ‘civ
1236 3608 1450 3691 πόλιν,
1497 3616 1607 3677 42:
1651 3610 1686 3678 ὃ
1727 3608 1951 3695 νόμος
1979 3652 2047 3659 -—
2075 3608 2714 3697 διαμαρτύρεται,
2761 3610 2921 3688 LVI,
2968 3614 3035 3675 9:

486 3711 552 3780 αἳ
600 3713 823 3799 τιμαὶ
869 3716 978 3779 voi
1011 3710 1195 3779 σίτου
1223 3709 1323 3778 ἐπ’
1365 3710 1632 3780 ἔλαττον
1659 3710 2035 3799 ἐβάδιζον.
2082 3715 2156 3780 In
2182 3717 2370 3779 tertio
2392 3735 2622 3796 genere
2645 3713 2739 3777 illi
2754 3712 3039 3778 habendi

485 3826 635 3885 sunt
672 3819 815 3897 loci,
849 3818 1080 3901 quibus
1113 3818 1435 3896 „inanima
1467 3839 1582 3900 pro
1616 3818 1757 3884 aliis
1781 3820 2029 3901 generis
2053 3819 2337 3884 eiusdem
2364 3823 2745 3882 sumuntur“
2792 3815 3035 3901 (Quint.

485 3921 653 4005 VIII,
688 3925 744 4000 6,
782 3921 910 4005 10).
1008 3920 1201 3985 Cuius
1245 3922 1491 4003 generis
1523 3921 1817 4003 exempla
1854 3920 2307 3985 excellentiora
2354 3920 2594 4000 reperis
2631 3920 2697 3981 in
2748 3920 3036 3982 oratione

484 4023 780 4089 XXXIII.
825 4024 1014 4088 haec:
1071 4019 1186 4087 ἐπὶ
1239 4019 1352 4110 τὴν
1407 4019 1837 4109 παραγραφὴν
1880 4018 2393 4107 καταφεύγειν
2446 4025 2485 4102 ξ
2529 4025 2588 4101 2,
2636 4018 2752 4086 ἐπὶ
2804 4018 2922 4103 μὲν
2964 4017 3039 4085 τὸ

488 4121 721 4211 ὂμὸσαι
757 4122 869 4191 οὐκ
899 4119 1204 4211 ἆπῇντα
1235 4129 1274 4205 ἓ
1303 4129 1400 4204 14,
1445 4120 1538 4201 εἷς
1563 4121 1926 4212 ἐπιτροπὴν
1968 4120 2314 4211 ἔρχονται
2348 4127 2386 4205 ξ
2425 4127 2520 4201 14,
2553 4112 2788 4209 ἦλθεν
2818 4120 2934 4186 ἐπὶ
2964 4118 3039 4187 τὸ

488 4224 920 4317 ἀμφισβητεῖν
966 4232 1005 4309 ξ
1055 4231 1151 4307 17,
1220 4224 1336 4291 ἐπὶ
1381 4223 1501 4304 τὰς
1543 4223 1870 4315 συνθήκας
1911 4222 2109 4291 ἰέναι
2165 4230 2203 4308 ξ
2254 4230 2353 4304 29,
2417 4222 2533 4290 ἐπὶ
2576 4221 2651 4290 τὸ
2692 4220 3035 4311 ἀρνεῖσθαι

490 4322 725 4398 ῗλθον
776 4337 815 4413 ἓ
859 4333 962 4409 29,
1023 4328 1137 4393 καὶ
1192 4324 1446 4394 ἐνταῦθ’
1523 4323 1698 4414 αὐτῷ
1755 4322 2159 4393 ἀπαντᾶτε
2214 4324 2398 4409 ξ’36,
2466 4325 3041 4393 ἐπανελθοῦσιν

490 4433 608 4500 ἐπὶ
646 4431 731 4499 τὰ
773 4430 1120 4519 γράμματα
1166 4436 1205 4514 ἓ
1251 4436 1350 4498 36.
1455 4432 1648 4497 Vides
1691 4433 1867 4515 apud
1913 4432 2219 4496 orationis
2258 4430 2553 4493 XXXIII.
2600 4439 2928 4495 auctorem
2973 4433 3038 4493 in

487 4538 609 4603 hoc
650 4537 1087 4601 translationis
1131 4556 1360 4618 genere
1405 4556 1534 4599 non
1576 4534 1968 4617 deprehendi
2012 4534 2134 4597 nisi
2177 4531 2373 4597 verba
2416 4534 2625 4596 eundi.
2722 4533 2810 4596 At
2853 4532 3040 4615 longe

489 4628 695 4704 aliam'
737 4639 1054 4703 rationem
1111 4640 1294 4720 sequi
1351 4640 1723 4722 scriptorem
1779 4640 2139 4702 orationum
2194 4634 2484 4700 XXXIV.
2540 4641 2604 4699 et
2656 4633 2839 4717 LVI.,
2896 4656 3042 4698 cum

489 4763 756 4826 perraro
803 4741 1011 4806 verbis
1050 4747 1298 4806 motum
1340 4740 1611 4805 localem
1656 4737 2164 4821 significantibus
2192 4737 2505 4801 translate
2546 4742 2784 4813 utatur,
2832 4742 3041 4799 trans-

489 4846 760 4909 lationes
821 4847 1036 4926 potius
1097 4844 1160 4905 in
1227 4844 1418 4906 tertio
1483 4862 1714 4923 genere
1777 4840 2235 4920 numerandae,
2300 4837 2530 4919 quibus
2583 4836 2897 4919 abundat,
2963 4858 3041 4899 ex
