3667 5250
1766 333 2153 396 ..6.-

680 538 890 602 verius
932 537 1159 601 deinde
1210 557 1336 602 non
1383 543 1881 601 consentaneum
1933 557 2069 602 esse
2113 542 2332 600 monet
2373 539 2657 598 actorem
2704 534 2992 620 gloriam,
3039 554 3233 615 quam

679 637 1004 703 beneficiis
1057 641 1123 702 in
1177 641 1344 704 cives
1396 640 1646 704 collatis
1693 645 2073 704 consecutus
2116 639 2225 717 sit,
2283 637 2738 702 Phormionem
2782 635 3233 702 calumniando

680 742 950 824 perdere
972 741 1134 806 velle
1166 742 1279 827 (ἐξ
1305 743 1404 820 40,
1429 741 1733 828 38-39).
1756 779 1841 786 -
1890 742 2163 806 Prorsus
2183 743 2437 823 ineptus
2464 745 2562 804 est
2597 746 2818 804 orator
2845 740 3235 803 contendens

681 845 1000 908 actionem
1041 844 1326 908 dandam
1353 843 1639 909 futuram
1683 865 1819 909 esse
1866 845 2095 922 actori,
2140 844 2193 908 si
2234 848 2604 908 contractus
2642 843 2708 906 in
2751 841 3237 906 Atheniensium

683 952 970 1011 mercatu
1015 947 1210 1012 initus
1233 953 1415 1025 esset,
1455 968 1600 1012 cum
1629 967 1758 1011 non
1787 946 2077 1012 futurum
2109 947 2209 1024 sit,
2254 952 2328 1009 ut
2368 966 2445 1010 ea
2486 952 2794 1028 negartur
2831 965 2871 1009 a
2899 945 3233 1024 iudicibuS,

683 1049 736 1112 si
780 1051 986 1114 actori
1027 1071 1068 1114 a
1110 1050 1494 1115 Phormione
1546 1051 1613 1114 in
1656 1050 2061 1134 navigatione
2105 1049 2391 1113 Athenas
2442 1053 2739 1129 suscepta
2788 1047 3024 1111 iniuria
3065 1047 3238 1112 facta

682 1159 849 1216 esset
893 1152 966 1237 (ἓ
1013 1152 1145 1237 43).
1194 1190 1275 1197 -
1321 1151 1544 1234 Inepte
1589 1155 1784 1217 etiam
1820 1152 2273 1217 Phormionem
2314 1150 2433 1214 sibi
2478 1157 2772 1216 constare
2817 1155 3035 1231 negat,
3090 1170 3235 1214 cum

682 1254 886 1335 primo
950 1255 1212 1336 quidem
1275 1275 1535 1320 causam
1606 1257 1851 1322 arbitro
1923 1254 2209 1339 permitti
2284 1252 2581 1330 voluerit,
2650 1259 2878 1334 postea
2945 1272 3095 1316 vero
3170 1253 3237 1315 in

682 1356 918 1420 iudicio
959 1358 1400 1438 exceptionem
1439 1359 1847 1440 interponere
1890 1357 2011 1422 sibi
2053 1355 2243 1419 licere
2287 1355 2610 1436 putaverit
2649 1353 2722 1441 (ἓ
2748 1355 2883 1440 44).
2918 1392 3002 1399 —
3050 1353 3238 1431 Quod

683 1457 956 1538 denique
1010 1458 1167 1523 dicit
1214 1462 1297 1540 ἐξ
1350 1461 1624 1534 48-49,
1680 1460 2061 1526 testimoniis
2120 1479 2160 1522 a
2210 1457 2519 1540 Lampide
2580 1456 2663 1520 ab
2725 1457 2908 1522 initio
2970 1456 3238 1538 prolatis

682 1560 836 1645 plus·
864 1579 1000 1624 esse
1038 1560 1454 1625 tribuendum
1492 1583 1683 1644 quam
1727 1563 1821 1639 iis,
1869 1582 2035 1645 quae
2077 1567 2302 1643 postea
2344 1559 2581 1638 dixere,
2631 1560 2709 1624 de
2754 1580 2858 1639 eo,
2902 1561 3062 1643 quid
3092 1581 3238 1624 cum

684 1661 1023 1728 Schaefero
1066 1663 1481 1727 iudicandum
1524 1665 1624 1742 sit,
1663 1685 1862 1746 supra
1903 1665 1993 1748 (p.
2042 1664 2112 1747 5)
2155 1663 2449 1727 indicavi.

854 1782 1202 1865 Pergamus
1247 1802 1554 1864 quaerere

1242 2007 1300 2071 3.
1367 2005 1462 2069 De
1507 2008 2063 2089 argumentatione
2108 2003 2416 2068 orationis
2459 2002 2618 2068 LVI.
2632 2005 2683 2088 1)

853 2141 1359 2225 Dionysodorus,
1426 2148 1500 2206 ut
1552 2143 2034 2208 Parmeniscum
2085 2141 2463 2205 necessitate
2520 2144 2820 2203 coactum
2876 2160 3102 2204 navem
3157 2141 3242 2205 ad

685 2243 983 2308 Rhodum
1030 2242 1306 2309 insulam
1361 2246 1680 2327 appulisse
1723 2244 1940 2328 ibique
1982 2243 2375 2308 frumentum
2416 2242 2859 2306 exoneravisse
2920 2242 3239 2307 iudicibus

685 2346 1121 2428 persuaderet,
1164 2347 1443 2428 primum
1489 2347 1694 2411 actori
1747 2347 2071 2412 obiecerat
2126 2367 2350 2411 navem
2393 2366 2473 2409 ex
2516 2346 2808 2430 Aegypto
2861 2345 3239 2409 redeuntem

685 2449 948 2534 ῥαγῆναι
993 2449 1067 2534 (ἓ
1114 2450 1243 2534 21),
1285 2450 1353 2512 id
1396 2455 1509 2527 est,
1556 2455 1630 2512 ut
1670 2469 1787 2531 per
1826 2469 1895 2514 se
1935 2456 2133 2531 patet,
2173 2449 2304 2513 tale
2348 2448 2505 2530 quid
2547 2448 2851 2512 accidisse
2896 2449 3065 2525 navi,
3111 2469 3239 2530 quo

685 2552 946 2635 quidem
991 2550 1304 2632 Athenas,
1358 2571 1566 2634 neque
1619 2572 1769 2616 vero
1815 2551 2118 2616 Rhodum
2158 2551 2489 2635 pervenire
2534 2557 2700 2615 esset
2743 2551 3067 2633 impedita.
3154 2549 3242 2614 At

684 2656 871 2737 longe
938 2653 1127 2719 aliter
1185 2662 1404 2720 orator
1465 2654 1660 2720 verba
1727 2655 2080 2720 adversarii
2136 2657 2373 2738 accipit
2432 2691 2514 2700 —-
2574 2674 2690 2736 per
2748 2652 3044 2717 fraudem
3104 2653 3239 2717 sine

687 2756 880 2821 dubio
945 2795 1047 2841 ——,
1107 2779 1253 2822 cum
1302 2759 1396 2821 ita
1443 2764 1958 2839 argumentatur,
2016 2760 2200 2840 quasi
2244 2757 2727 2842 Dionysodorus
2778 2777 3006 2821 navem
3058 2777 3241 2820 nau-

686 2859 1018 2942 fragium
1071 2860 1140 2925 fe
1154 2862 1346 2925 cisse
1403 2860 1854 2925 contendisset.
1964 2860 2174 2943 Negat
2236 2861 2430 2939 enim,
2497 2860 2621 2925 nisi
2683 2880 2911 2925 navem
2977 2860 3240 2946 ῥαγῆναι

686 2964 1067 3027 mentiretur
1111 2985 1278 3043 reuS,
1324 2964 1604 3045 primum
1640 2983 1779 3027 eam
1812 2965 2071 3028 omnino
2104 2962 2405 3027 Rhodum
2430 2969 2885 3045 perventuram
2921 2969 2986 3027 et
3017 2971 3241 3046 postea

687 3068 772 3131 ad
817 3068 1285 3149 navigationem
1345 3067 1644 3130 idoneam
1708 3065 1998 3131 futuram
2062 3066 2255 3131 fuisse
2319 3066 2389 3150 (ξ
2435 3065 2549 3151 23)
2609 3073 2674 3129 et
2728 3065 3243 3149 Dionysodorum

685 3175 984 3233 mutuum
1025 3175 1091 3233 et
1128 3175 1381 3251 partem
1424 3168 1695 3233 reddere
1739 3176 2043 3251 paratum
2083 3168 2374 3233 futurum
2426 3168 2619 3233 fuisse
2663 3168 2777 3252 (ξὲ
2815 3169 2915 3246 33,
2959 3170 3060 3247 35,
3108 3168 3239 3253 37).

687 3272 832 3336 Huc
864 3271 1200 3336 referenda
1241 3277 1393 3334 sunt
1429 3270 1701 3336 subdola
1744 3270 1859 3335 illa
1887 3272 2099 3350 verba,
2146 3291 2313 3354 quae
2356 3271 2513 3336 facit
2554 3277 2775 3335 orator
2805 3273 2887 3352 ἐξ
2918 3274 3000 3337 42
3033 3276 3099 3335 et
3131 3272 3239 3335 43:

687 3374 1163 3439 Parmeniscum
1208 3394 1416 3456 neque
1460 3375 1730 3438 invitum
1775 3368 2083 3459 (ἑκόντες)
2135 3394 2343 3456 neque
2386 3374 2851 3438 necessitate
2896 3380 3242 3438 coactum

692 3470 852 3560 (ουκ
897 3473 977 3557 εξ
1013 3470 1371 3564 ἀνάγκης)
1412 3498 1638 3542 navem
1682 3477 1769 3540 ad
1813 3476 2115 3541 Rhodum
2159 3470 2496 3559 appulisse,
2542 3475 2604 3539 h.
2643 3497 2694 3540 e.
2740 3497 2966 3541 navem
2996 3497 3244 3559 semper

689 3579 882 3644 fuisse
929 3580 1314 3644 incolumem
1367 3580 1516 3644 inde
1569 3577 1779 3661 colligi
1829 3599 2043 3661 posse,
2109 3579 2311 3660 quod,
2376 3573 2434 3642 εἰ
2483 3572 2570 3655 ὡς
2624 3570 2891 3665 ἀληθῶς
2942 3570 3246 3643 ἀκούσιον

693 3678 767 3746 τὸ
839 3677 1092 3765 συμβὰν
1168 3677 1410 3766 ἐγένετο
1472 3678 1605 3744 καὶ
1670 3674 1692 3743 i
1769 3704 1947 3757 ναυς
2023 3675 2291 3767 ἐρράγη
2358 3675 2434 3744 τὸ
2504 3676 2672 3763 μετὰ
2748 3680 2939 3758 τοῦτ’,
3015 3677 3242 3767 ἐπειδὴ

695 3780 1140 3848 ἐπεσκεύασαν
1178 3807 1291 3847 ττν
1332 3786 1484 3847 ναῖν
1523 3822 1628 3863 -,
1694 3776 2070 3869 [Ἇθτναζε]
2132 3776 2550 3847 ἀπέστελλον.
2624 3783 2852 3848 Nemo
2915 3790 3028 3862 est,
3091 3786 3245 3867 quin

691 3886 814 3951 hoc
858 3888 998 3951 loco
1041 3894 1351 3969 agnoscat
1393 3885 1762 3968 sophistam.
1796 3923 1881 3931 --
1926 3886 2407 3971 Dionysodorus
2453 3893 2687 3965 autem,
2734 3893 2809 3951 ut
2848 3907 3074 3951 navem
3116 3906 3244 3950 non

692 3989 1077 4053 incolumem
1119 4010 1160 4053 a
1186 3990 1595 4054 Parmenisco
1636 3989 1720 4053 ad
1764 3988 2065 4053 Rhodum
2109 3987 2446 4070 appulsam
2494 4009 2629 4053 esse
2672 3995 3052 4072 argumento
3096 4010 3246 4070 pro-

693 4091 896 4169 baret,
931 4093 1369 4169 contenderat,
1399 4092 1525 4155 alia
1551 4092 1734 4155 illum
1763 4093 1828 4156 in
1854 4090 2083 4155 Rhodo
2117 4091 2496 4155 conduxisse
2528 4094 2781 4173 navigia
2809 4092 3243 4174 merciumque

694 4200 947 4276 partem
990 4196 1057 4257 in
1103 4214 1178 4257 ea
1217 4194 1602 4258 translatam
1647 4193 1933 4258 Athenas
1979 4194 2224 4257 misisse
2268 4194 2381 4279 (ἐξ
2428 4197 2528 4271 21,
2572 4197 2703 4278 24).
2773 4194 2873 4258 Ex
2914 4216 3043 4277 quo
3086 4194 3245 4259 nihil

695 4296 873 4360 aliud
937 4298 1134 4378 sequi,
1196 4316 1393 4379 quam
1443 4302 1528 4379 ,ut
1570 4297 2049 4361 Parmeniscum
2102 4295 2321 4378 aliqua
2384 4316 2579 4360 causa
2634 4296 2947 4379 impulsus
3011 4299 3111 4377 sit,
3174 4306 3247 4362 ut

838 4608 880 4675 ¹)
917 4605 993 4660 Of.
1031 4605 1266 4660 maxime
1304 4605 1580 4660 Schaeferi
1618 4604 1653 4657 l.
1681 4604 1756 4673 ;D.
1795 4621 1845 4657 u.
1886 4620 1925 4657 ε.
1964 4602 2022 4656 Ζ.
2060 4604 2155 4671 ΠΙ,
2195 4608 2243 4671 2,
2277 4620 2366 4671 pp.
2405 4609 2504 4659 307
2548 4620 2656 4671 sqq.
2688 4634 2758 4641 —
2786 4604 3075 4659 Schwarzii
3118 4605 3244 4659 diss,

697 4710 833 4762 quae
877 4693 912 4746 i.
984 4693 1067 4746 De
1114 4709 1189 4746 or.
1235 4689 1372 4743 κατὰ
1415 4696 1567 4746 Aaou.
1604 4689 1895 4758 inscripta,
1941 4704 2079 4755 quae
2125 4688 2273 4742 inter
2315 4690 2745 4744 demosthenicas
2791 4693 2878 4743 est
2920 4691 3061 4760 LVI,
3098 4691 3244 4746 Gott.

700 4784 830 4835 1870
865 4798 951 4848 pp.
995 4784 1055 4835 15
1095 4795 1204 4847 sqq.
1234 4804 1301 4823 =
1327 4779 1409 4832 De
1445 4778 1598 4832 Dem.
1641 4779 1801 4830 oratt.
1842 4773 2205 4842 suppositiciis
2239 4776 2641 4843 commentatio,
2676 4776 2718 4843 I,
2754 4774 2812 4828 in
2849 4780 3247 4843 programmate

697 4867 884 4935 Gymn.
926 4865 1224 4934 Stadensis,
1264 4870 1411 4933 1876,
1449 4881 1536 4932 pp.
1577 4869 1606 4919 8
1645 4879 1754 4931 sqq.
1790 4890 1861 4899 --
1896 4857 2066 4911 Blass.
2106 4860 2169 4911 D.
2211 4876 2257 4913 a.
2297 4860 2356 4912 B.
2395 4861 2490 4929 ΙΠ,
2532 4866 2576 4928 1,
2611 4877 2698 4929 pp.
2738 4865 2837 4916 520
2873 4877 2981 4928 sqq.
