3667 5250
1570 255 1810 341 ..‘13
1901 314 1983 323 ....

664 479 900 564 Magna
945 483 1139 546 etiam
1185 482 1616 563 discrepantia
1659 480 1934 545 efficitur
1978 502 2099 546 usu
2142 482 2584 547 aversionis,
2631 481 2847 548 Genus
2880 485 3047 548 enim

491 582 654 646 illud
695 581 886 648 huius
926 583 1187 666 figurae,
1233 604 1361 666 quo
1408 603 1617 648 sermo
1648 585 2048 649 convertitur
2076 604 2116 648 a
2144 582 2462 648 iudicibus
2501 584 2587 647 ad
2627 584 3044 665 adversariOS,

490 686 556 748 in
598 687 888 750 oratione
918 685 1214 751 XXXIII.
1243 687 1434 769 plane
1475 686 1899 770 desideratur,
1944 687 2012 750 in
2044 685 2439 751 orationibus
2466 685 2753 751 XXXIV.
2788 694 2854 752 et
2884 689 3042 754 LVI.

491 789 769 852 occurrit
812 791 1206 872 saepissime:
1251 791 1316 853 in
1363 788 1476 853 illa
1516 789 1879 872 appellatur
1918 790 2321 855 adversarius
2361 793 2441 867 §g
2490 792 2763 868 26—34,
2816 791 2882 853 in
2924 789 3045 855 hac
3151 861 3161 867 ,

489 893 571 968 ἐξ
617 894 889 970 25-28,
936 895 1038 971 32,
1085 893 1230 958 38--
1255 896 1356 957 41.

661 993 895 1059 Utrum
969 1015 1116 1060 vero
1194 994 1459 1059 alterius
1531 996 1878 1060 aversionis
1956 995 2205 1078 generis
2277 1015 2399 1058 usu
2472 1033 2553 1041 —-
2602 1015 2827 1059 -usum
2901 996 3044 1061 dico

490 1097 802 1161 deorum
853 1097 1407 1161 allocutionum
1463 1137 1540 1144 —-
1598 1099 1919 1162 orationes
1978 1096 2266 1161 XXXIV.
2313 1102 2379 1160 et
2422 1094 2581 1160 LVI.
2621 1098 2853 1161 cedant
2902 1118 3046 1162 ora-

489 1199 650 1263 tioni
693 1197 1007 1278 XXXIII.,
1056 1200 1408 1264 diiudicare
1467 1221 1595 1264 non
1663 1201 1896 1285 ausim,
1946 1219 2337 1281 quamquam
2390 1205 2453 1263 et
2503 1199 2762 1264 iurandi
2818 1207 2883 1264 et
2934 1201 3047 1265 ob-

487 1302 769 1365 testandi
813 1301 1121 1367 formulas
1164 1305 1230 1367 in
1280 1302 1676 1385 longioribus
1730 1301 2127 1367 orationibus
2177 1299 2467 1366 XXXIV.
2520 1308 2585 1366 et
2636 1301 2792 1366 LVI.
2849 1304 3043 1384 paulo

488 1405 700 1468 rarius
757 1405 1054 1488 inveniri,
1100 1426 1294 1486 quam
1359 1408 1421 1469 in
1477 1403 1771 1469 XXXIII.
1835 1405 1961 1469 illis
2022 1404 2227 1468 multo
2290 1403 2606 1482 breviore,
2671 1425 2800 1468 non
2853 1426 3043 1488 nego;

489 1503 779 1570 XXXIV.
833 1509 1001 1570 enim
1053 1509 1257 1571 oratio
1311 1505 1477 1570 hanc
1527 1505 1731 1570 solam
1776 1526 2044 1590 eamque
2103 1506 2315 1569 minus
2378 1507 2683 1570 usitatam
2733 1508 3046 1589 impreca-

486 1610 724 1673 tionem
770 1609 1063 1692 praebet:
1111 1597 1163 1673 ὦ
1202 1611 1276 1694 γῖ·
1306 1605 1419 1672 καὶ
1464 1603 1616 1672 θεοί
1666 1611 1705 1686 ξ
1737 1610 1835 1686 29,
1883 1609 1949 1672 in
1995 1606 2153 1671 LVI.
2198 1606 2323 1671 hoc
2368 1608 2575 1673 solum
2622 1615 2833 1673 exstat
2874 1611 3045 1674 iura-

487 1717 802 1774 mentum:
852 1707 948 1794 μὰ
994 1706 1105 1774 Δί’
1153 1715 1191 1790 ἓ
1237 1713 1337 1788 38,
1397 1712 1462 1774 111
1516 1709 1810 1774 XXXIII.
1863 1710 1961 1775 bis
2015 1710 2250 1793 legitur
2303 1705 2373 1795 m}
2428 1705 2565 1773 Δία
2620 1715 2659 1790 ξ
2706 1713 2785 1776 25
2832 1719 2896 1776 et
2941 1716 3042 1778 37.

662 1813 862 1878 Venio
923 1813 1009 1876 ad
1072 1814 1756 1895 interrogationes.
1861 1811 2143 1875 Numero
2202 1813 2776 1895 interrogationum
2837 1816 3041 1879 oratio

489 1914 785 1979 XXXIII.
827 1921 1064 1998 aequat
1087 1918 1408 1980 orationes
1429 1915 1720 1980 XXXIV.
1763 1922 1829 1979 et
1867 1914 2057 1992 LVI.;
2098 1935 2250 1978 nam
2293 1915 2575 1997 singulas
2617 1937 3043 2000 unaquaeque

485 2018 551 2082 in
596 2020 839 2083 ternis
880 2016 1011 2082 fere
1042 2019 1462 2101 paragraphis
1491 2018 1776 2095 exhibet3
1820 2017 2065 2082 invenis
2108 2037 2216 2081 eas
2256 2017 2323 2080 in
2358 2037 2448 2081 or.
2489 2016 2785 2082 XXXIII.
2828 2024 2908 2099 ἓξ
2942 2023 3041 2098 23,

486 2124 586 2199 25,
634 2123 714 2185 28
760 2120 874 2198 bis,
923 2123 1024 2199 29,
1071 2123 1155 2186 30
1189 2120 1308 2204 bis,
1353 2124 1455 2200 31,
1502 2122 1601 2199 33,
1648 2122 1729 2185 34
1775 2119 1893 2204 bis,
1939 2122 2040 2198 36,
2086 2121 2166 2184 37
2212 2118 2328 2198 bis,
2376 2122 2475 2198 38,
2521 2122 2587 2185 in
2620 2142 2711 2185 or.
2752 2121 3041 2188 XXXIV.

485 2227 566 2303 ἓξ
614 2226 712 2301 14,
767 2224 859 2301 15,
908 2225 1006 2301 17,
1053 2227 1133 2289 25
1178 2223 1294 2302 bis,
1341 2226 1439 2302 26,
1485 2228 1565 2288 27
1611 2223 1728 2302 bis,
1781 2225 1882 2300 28,
1928 2225 2007 2286 29
2051 2221 2166 2299 bis,
2208 2223 2308 2301 30,
2358 2224 2457 2301 33,
2503 2226 2603 2301 43,
2651 2227 2731 2288 47
2776 2224 2894 2303 bis,
2939 2226 3041 2303 48,

485 2328 586 2404 49,
635 2327 703 2388 in
760 2345 850 2389 or.
903 2325 1063 2389 LVI.
1120 2329 1200 2404 ἓξ
1248 2329 1306 2404 2,
1357 2329 1434 2392 15
1479 2325 1597 2404 bis,
1639 2328 1844 2408 19120,
1889 2327 1989 2404 23,
2039 2327 2140 2402 25,
2198 2327 2298 2402 27,
2351 2327 2452 2402 28,
2499 2326 2580 2390 32
2622 2326 2737 2406 bis,
2792 2330 2893 2405 33,
2940 2330 3041 2407 38,

485 2429 565 2492 39
606 2426 723 2504 bis,
769 2429 871 2503 40,
918 2430 998 2490 42
1043 2426 1158 2506 bis,
1206 2431 1306 2492 52.
1366 2428 1493 2494 Sed
1533 2450 1606 2493 eo
1654 2427 1871 2492 differt
1915 2428 2119 2491 oratio
2164 2424 2459 2491 XXXIII.
2505 2448 2545 2492 a
2578 2431 2823 2507 ceteris,
2869 2431 3043 2512 quod

481 2531 924 2612 responsiones
952 2528 1104 2593 illae
1134 2529 1682 2609 Demosthenicae,
1715 2530 1947 2613 quibus
1980 2551 2020 2594 a
2049 2529 2283 2594 lacrior
2312 2529 2387 2593 fit
2424 2533 2629 2595 oratio
2659 2537 2725 2596 et
2751 2533 3038 2616 vividior,

479 2634 542 2697 in
608 2653 683 2697 ea
729 2634 1060 2697 adduntur
1104 2655 1464 2716 nunquam,
1510 2656 1637 2699 non
1693 2655 1959 2718 prorsus
2012 2633 2246 2697 desunt
2299 2635 2364 2696 in
2418 2632 2710 2699 XXXIV.
2758 2642 2823 2699 et
2868 2634 3038 2714 LV1;

484 2735 756 2818 legimus
796 2736 964 2798 enim
1005 2736 1319 2822 μηδαμῶς
1363 2757 1734 2819 responsum
1793 2734 2085 2815 XXXIV,
2132 2738 2214 2801 50
2260 2742 2325 2799 et
2367 2735 2633 2815 LVI,50,
2688 2732 2802 2801 οὐκ
2853 2730 3040 2822 οἶμαί

480 2860 551 2923 γε
593 2836 855 2915 LVI,28.

651 2940 897 3005 Eodem
941 2943 1132 3006 modo
1179 2963 1253 3007 ac
1303 2943 1570 3007 deorum
1617 2942 2092 3007 invocationum
2144 2962 2410 3005 numero
2450 2944 2740 3024 superari
2784 2944 3039 3009 videtur

481 3048 674 3108 etiam
707 3045 980 3126 scriptor
1011 3045 1373 3108 orationum
1396 3044 1682 3110 XXXIV.
1717 3049 1781 3107 et
1810 3042 1965 3108 LVI.
2005 3064 2044 3106 a
2066 3043 2377 3126 scriptore
2410 3045 2717 3109 orationis
2742 3045 3036 3112 XXXIII.

481 3167 748 3210 numero
791 3145 1377 3209 subiectionum.
1475 3146 1650 3210 Haec
1696 3148 1865 3210 enim
1909 3145 2119 3227 figura
2161 3145 2455 3210 adhibita
2498 3154 2591 3211 est
2636 3148 2700 3210 in
2748 3151 3038 3215 oratione

480 3247 773 3313 XXXIII.
819 3246 945 3311 bis:
999 3252 1080 3327 ἓξ
1119 3252 1230 3312 25:
1283 3241 1449 3310 ἀλλὰ
1497 3243 1569 3334 νὴ
1612 3242 1750 3309 Δία
1795 3241 2084 3332 εὐπόρως
2125 3244 2403 3311 διέκειτο
2449 3286 2550 3332 —‚
2599 3256 2665 3313 et
2710 3254 2819 3315 37:
2868 3245 3037 3317 ἀλλὰ

479 3348 551 3438 νὴ
593 3346 731 3415 Δία
763 3388 848 3397 —
877 3346 1258 3437 μαρτυρήσει
1305 3372 1406 3425 τις
1439 3388 1538 3428 -,
1573 3370 1718 3414 cum
1760 3348 1859 3413 bis
1901 3351 2223 3432 reperitur
2253 3350 2317 3411 in
2352 3349 2658 3430 XXXIV.,
2705 3355 2899 3419 semel
2940 3364 3037 3421 est

480 3456 545 3518 in
576 3453 745 3518 LVI:
792 3455 854 3516 in
902 3451 1014 3516 illa
1057 3453 1242 3535 legis:
1287 3447 1325 3538 ἦ
1369 3447 1489 3537 γὰρ
1534 3448 1862 3538 συγγραφή
1901 3474 2000 3535 με,
2048 3448 2228 3538 φησὶ,
2277 3490 2347 3498 -
2397 3448 2677 3518 ἐκέλευεν
2720 3494 2803 3501 —
2849 3461 2888 3538 ξ
2933 3463 3032 3538 32,

481 3553 676 3640 Λέγει
722 3554 779 3619 δ’
826 3548 912 3630 ὡς
956 3548 990 3616 ἓ
1040 3551 1366 3641 συγγραφὴ
1409 3594 1492 3601 -
1537 3551 1775 3619 κελεύει
1819 3556 1859 3633 ξ
1890 3556 1990 3631 33,
2034 3554 2097 3616 111
2135 3552 2257 3617 hac
2296 3556 2566 3620 invenis:
2614 3555 2752 3621 Διὰ
2796 3555 2865 3623 τί
2910 3548 3033 3641 οὗν,

480 3655 694 3745 φησὶν,
742 3653 1216 3743 ἐμισθωσάμην
1253 3696 1345 3720 -.
1435 3657 1820 3740 Magnopere
1862 3664 2080 3721 autem
2125 3661 2413 3721 oratores
2456 3658 2625 3723 inter
2664 3681 2731 3724 se
2777 3661 3035 3728 differre

478 3760 756 3839 verbis,
803 3759 1036 3843 quibus
1080 3758 1504 3823 subiectiones
1544 3759 1875 3837 inducunt,
1921 3780 2106 3823 nemo
2152 3759 2427 3841 negabit.

651 3862 1178 3927 Correctionis
1224 3857 1780 3946 (ἐπανορθώσεως)
1850 3867 1914 3926 et
1976 3859 2595 3944 reprehensionis
2638 3862 2881 3948 (Quint.
2923 3867 3030 3947 IX,

481 3968 537 4045 2,
588 3964 694 4048 18)
738 3962 1091 4047 figurarum
1137 3964 1430 4047 exempla
1477 3984 1608 4028 non
1653 3964 1966 4029 habemus
2009 3967 2131 4029 nisi
2171 3963 2330 4042 LVI,
2377 3967 2414 4028 7
2428 3990 2443 4028 :
2494 3964 2743 4047 μᾶλλον
2793 3965 2869 4032 δὲ
2918 3968 3032 4033 καὶ

479 4062 626 4142 τοῖς
655 4058 1227 4152 ὄλλους“Έλληνας,
1265 4072 1373 4131 41:
1402 4066 1651 4150 μᾶλλον
1681 4065 1741 4130 δ’
1773 4060 2209 4147 ἀναίσχυντος,
2236 4064 2524 4145 XXXIV,
2547 4071 2657 4133 40:
2702 4064 2781 4133 εἴ
2805 4092 2882 4154 γε
2916 4070 3033 4136 δεῖ

479 4166 593 4232 καὶ
635 4164 888 4245 τούτοις
929 4163 1424 4252 τεκμαίρεσθαι,
1469 4168 1629 4246 LVI,
1677 4170 1788 4234 28:
1834 4164 1902 4232 εἰ
1945 4161 2085 4253 ἄρα
2125 4165 2371 4252 γέγονεν
2414 4207 2513 4232 -.

649 4271 751 4336 Ad
776 4278 1134 4336 extremum
1167 4276 1384 4335 autem
1415 4292 1661 4335 summo
1689 4292 1879 4355 opere
1912 4272 2112 4335 distat
2140 4272 2446 4336 orationis
2477 4270 2773 4337 XXXIII.
2806 4282 3033 4340 auctor

479 4396 519 4437 a
555 4376 864 4457 scriptore
896 4374 1259 4438 orationum
1286 4372 1576 4438 XXXIV.
1609 4380 1673 4437 et
1699 4372 1860 4437 LVI.
1894 4394 2013 4438 usu
2043 4372 2214 4437 illius
2242 4371 2502 4455 figurae,
2524 4395 2720 4456 quam
2748 4397 3033 4441 sermo-

480 4478 943 4541 cinationem
987 4476 1117 4539 sive
1162 4470 1522 4559 διάλογον
1557 4496 1784 4540 vocare
1825 4476 2043 4553 liceat,
2089 4495 2219 4557 qua
2258 4482 2324 4538 et
2365 4483 2658 4554 „nostros
2699 4498 2844 4541 cum
2888 4478 3032 4543 aliis

479 4599 803 4643 sermones
827 4584 892 4642 et
915 4577 1191 4643 aliorum
1207 4579 1376 4642 inter
1393 4598 1460 4641 se
1481 4576 1872 4641 credibiliter
1888 4578 2392 4642 introducimus“
2417 4578 2660 4663 (Quint.
2686 4578 2796 4658 IX,
2817 4583 2876 4663 2,
2898 4580 3029 4665 30).

478 4681 729 4745 Inserta
773 4687 870 4745 est
914 4701 990 4744 ea
1036 4680 1340 4744 orationis
1365 4678 1654 4743 XXXIV.
1698 4684 1780 4759 ἓξ
1813 4683 1913 4758 14,
1964 4684 2061 4759 15,
2107 4682 2207 4759 32,
2255 4682 2562 4745 orationis
2606 4678 2765 4744 LVI.
2812 4686 2892 4760 ἐξ
2930 4685 3027 4759 12,

487 4788 580 4861 14,
632 4786 729 4861 15,
777 4786 858 4845 24
869 4808 886 4859 ;
931 4785 996 4845 in
1043 4784 1330 4846 oratione
1368 4781 1660 4845 XXXIII.
1707 4781 1899 4864 plane
1945 4782 2365 4846 desideratur.
