3667 5250
1789 314 2215 375 -16-

720 511 964 599 ἐγένετο
1005 511 1118 578 καὶ
1161 508 1198 601 ἢ·
1242 515 1392 591 ναῦς
1433 509 1686 601 ἐρράγη,
1734 518 1847 580 47:
1904 510 2388 603 σεσιτηγηκότες
2430 511 2594 602 πρὸς
2634 508 2863 593 αὐτοὺς
2909 513 3022 580 καὶ
3073 540 3277 580 κατα-

721 614 1161 695 πεπλευκότες
1203 619 1282 705 vg?
1322 614 1421 704 νηὶ
1465 613 1558 693 εἰς
1600 613 1675 680 τὸ
1720 614 1977 683 ἐκείνων
2021 615 2347 705 ἐμπόριον.
2400 657 2470 666 -
2507 658 2589 667 -
2621 618 2922 698 ΧΧΧΙΠ,
2967 621 3035 685 3:
3081 611 3280 684 ὅλλου

721 716 1116 804 συμβολαίου
1168 713 1278 784 οῦκ
1319 712 1505 796 ’όντος
1548 716 1690 802 ἐμοὶ
1738 717 1904 808 πρὸς
1962 723 2187 786 τοῦτον
2248 713 2392 786 οἵτε
2454 723 2755 786 ναυτικοῦ
2816 713 2959 786 οἵτε
3016 718 3277 808 ἐγγείου,

719 824 1006 903 XXXIV,
1078 828 1140 888 l:
1205 815 1508 907 οῦδεμίαν
1580 819 1857 889 πώποτε
1924 819 2106 911 δίκην
2180 820 2345 911 πρὸς
2419 818 2586 907 ῦμᾶς
2658 819 3071 911 εἰσήλθομεν,
3148 817 3278 889 οἵτ’

725 915 1138 1011 ἐγκαλοῦντες
1200 917 1329 990 δότ’
1385 921 1835 1010 ἐγκαλούμενοι
1899 920 2007 1012 ὑφ’
2061 921 2305 1013 ἑτέρων,
2366 929 2475 991 13:
2526 917 2631 990 ‘ou
2688 919 2868 991 οῦδὲν
2920 929 3104 992 ποιεῖ
3155 930 3283 993 τῶν

722 1024 994 1093 δικαίων
1054 1025 1355 1113 Φορμίων
1415 1021 1546 1093 οὔδ’
1613 1021 1989 1093 ἀποδίδωσι
2061 1024 2137 1092 τὸ
2210 1024 2487 1108 δάνειον,
2544 1031 2675 1094 ·31:
2737 1026 3027 1116 μάρτυρα
3081 1023 3279 1095 οῦδέν’

723 1127 1032 1219 ἐποιήσω,
1081 1123 1224 1196 οἵτε
1269 1131 1495 1196 δοῦλον
1534 1122 1662 1195 δότ’
1711 1127 2065 1217 ἐλεύθερον,
2110 1133 2273 1217 LVI,
2321 1137 2430 1199 16:
2480 1127 2591 1218 τὴν
2632 1129 2750 1215 μὲν
2790 1128 3153 1219 συγγραφὴν
3189 1128 3278 1216 μὴ

722 1237 922 1298 κινεῖν
949 1232 1129 1320 μηδ’
1194 1224 1424 1319 ἄκυρον
1475 1235 1708 1312 ποιεῖν,
1785 1237 1896 1299 26:
1942 1226 2072 1298 οὔτ’
2119 1227 2480 1321 ἀφείκαμέν
2522 1255 2640 1299 ,σοι
2696 1228 2877 1300 οῦδὲν
2925 1227 3091 1300 οῦτε
3133 1256 3279 1320 συγ-

723 1331 1163 1422 κεχωρήκαμεν
1212 1337 1306 1420 τῷ
1355 1335 1508 1421 πλῷ
1549 1337 1644 1419 τῷ
1685 1331 1779 1411 εἰς
1805 1329 2040 1416 Ῥόδον,
2086 1339 2195 1400 27:
2241 1333 2300 1401 εἰ
2344 1333 2417 1401 δὲ
2457 1333 2545 1422 μὴ
2590 1338 2861 1421 [ταῦτα]
2907 1332 3282 1423 πεποίηκας

720 1435 884 1526 μηδὲ
936 1434 1459 1522 κατακεκόμικας
1509 1433 1621 1524 τὴν
1668 1438 1820 1500 ναῦν
1860 1431 2205 1524 Ἀθήναζε,
2272 1443 2383 1504 45:
2439 1432 2510 1502 οῦ
2559 1434 3116 1520 κατακεκομίκασι
3172 1435 3285 1526 τὴν

723 1543 875 1604 ναῦν
925 1537 1020 1618 εἰς
1071 1537 1145 1604 τὸ
1197 1533 1496 1625 ῦμέτερον
1546 1535 1857 1624 ἐμπόριον
1909 1532 2167 1606 οὐδέπω
2220 1538 2335 1606 καὶ
2387 1542 2510 1620 νῦν,
2576 1535 2688 1605 οῦδ
2694 1541 2707 1569 ’
2759 1536 2911 1629 ἡμῖν
2962 1537 3281 1628 παρεσχῆ-

724 1665 918 1708 κασιν
949 1641 1216 1730 ἐμφανῆ.
1250 1680 1331 1688 -
1371 1640 1558 1705 Addo
1591 1642 2015 1723 pleonasmi
2042 1644 2352 1727 exempla,
2395 1663 2560 1726 quae
2588 1649 2740 1707 sunt
2772 1642 3062 1722 XXXIV,
3107 1647 3186 1710 27
3219 1650 3286 1709 et

727 1748 836 1812 33:
882 1739 1077 1823 εὗθὺς
1128 1742 1200 1826 ἐξ
1247 1737 1462 1830 ἆρχῗς,
1525 1747 1634 1808 48:
1699 1740 2098 1831 δικαιότερόν
2140 1742 2278 1810 ἐστι
2355 1784 2425 1792 —-
2492 1741 2966 1831 τεκμαίρεσθαι
3010 1745 3287 1830 μᾶλλον,·

725 1848 802 1913 cf.
844 1851 954 1914 35:
995 1844 1179 1932 μόνοι
1224 1843 1388 1933 πρὸς
1432 1840 1662 1922 αῦτοὺς
1705 1839 1909 1911 αῦτοί.

898 1951 1020 2015 Hic
1065 1941 1208 2014 'iure
1262 1971 1402 2014 meo
1461 1947 1618 2013 mihi
1667 1949 1889 2015 videor
1945 1971 2205 2016 monere
2263 1971 2446 2033 posse
2500 1950 2721 2016 brevia
2762 1952 2875 2016 illa
2931 1953 3284 2031 enuntiata,

728 2053 962 2136 quibus
1007 2054 1368 2135 scriptoreS,
1411 2071 1577 2133 quae
1621 2059 2058 2134 exposuerunt
2099 2053 2396 2137 amph'uS,
2438 2054 2971 2135 complectuntur,
3018 2056 3287 2120 inveniri

729 2155 1024 2230 XXXIII,
1056 2157 1124 2220 9:
1178 2151 1303 2219 Τὸν
1325 2150 1443 2237 μὲν
1471 2149 1713 2238 τρόπον
1741 2157 1965 2220 τοῦτον
1994 2149 2327 2242 ἀπήλλαξε
2364 2151 2513 2232 τοὺς
2550 2151 2829 2243 χρηστὰς
2856 2150 3289 2242 Ἀπατούριος

730 2253 970 2337 οῦτοσί,
1011 2256 1300 2335 XXXIV,
1349 2258 1415 2322 3:
1461 2254 1626 2341 Περὶ
1670 2254 1788 2341 μὲν
1835 2246 1943 2322 οῦν
1970 2259 2083 2334 τῖς
2114 2259 2475 2345 συγγραφῆς
2513 2255 2749 2342 βραχύς
2791 2255 2968 2323 ἐστιν
3013 2254 3047 2324 ὃ
3086 2255 3287 2345 λόγος,

730 2366 795 2426 7:
841 2354 994 2447 ἀρχὴ
1027 2356 1145 2442 μὲν
1185 2347 1292 2424 οῦν
1331 2350 1491 2446 αῦτη
1537 2355 1780 2444 ἐγένετο
1819 2362 1933 2424 τοῦ
1978 2353 2393 2447 ἀδικήματος,
2436 2358 2592 2439 LVI,
2647 2364 2756 2426 19:
2810 2358 2907 2424 Τὰ
2936 2358 3055 2446 μὲν
3082 2357 3293 2426 τοίνυν

729 2459 1157 2549 πεπραγμένα
1209 2457 1676 2548 Διονυσοδώρῳ
1722 2454 2062 2549 ἀκηκόατε,
2116 2450 2167 2526 ὦ
2212 2454 2273 2526 ὅ.
2320 2462 2401 2540 δ.,
2458 2465 2568 2527 21:
2622 2457 2690 2527 ἓν
2729 2458 2848 2547 μὲν
2897 2463 3068 2528 τοῦτ’
3114 2461 3293 2528 ἐστιν

730 2559 905 2651 αὐτῷ
941 2562 1132 2651 μέρος
1182 2567 1298 2653 τῆς
1348 2558 1711 2651 ἀπολογίας
1723 2615 1737 2645 ,
1785 2567 1895 2630 26:
1951 2562 2115 2651 Περὶ
2169 2561 2287 2649 μὲν
2343 2552 2449 2630 οῦν
2498 2560 2740 2630 τούτων
2800 2560 2992 2630 ἱκανά
3040 2589 3153 2651 μοι
3206 2562 3292 2632 τὰ

729 2666 1042 2756 εἰρημένα,
1083 2673 1195 2734 45:
1247 2664 1344 2731 Τὰ
1385 2666 1503 2752 μέν
1541 2656 1648 2731 οῦν
1680 2665 1834 2753 περὶ
1879 2670 1992 2733 τοῦ
2034 2663 2417 2754 πράγματος
2458 2664 2688 2733 δίκαια
2716 2665 2959 2754 βραχέα
2991 2666 3132 2735 ἐστὶ
3178 2669 3290 2734 καὶ

735 2766 1217 2859 εὐμνημόνευτα,
1279 2774 1389 2837 46:
1441 2764 1475 2835 ὃ
1515 2766 1634 2853 μὲν
1684 2770 1844 2857 παρ’
1898 2764 2073 2857 ἡμῶν
2125 2766 2309 2855 λόγος
2364 2756 2546 2848 οῦτός
2595 2768 2789 2837 ἐστιν.
2890 2772 3104 2837 Etiam
3171 2773 3293 2838 hac

731 2898 810 2940 ex
854 2880 1038 2956 parte
1071 2874 1379 2938 orationis
1406 2871 1704 2937 XXXIII.
1745 2876 2125 2956 scriptorem
2148 2873 2316 2938 infra
2360 2894 2496 2938 esse
2542 2881 2872 2939 auctorem
2917 2878 3290 2940 orationum

737 2976 1028 3042 XXXIV.
1074 2982 1140 3040 et
1182 2976 1340 3041 LVI.
1385 2976 1605 3058 negari
1651 2978 1893 3057 nequit.

904 3080 1269 3161 Antequam
1313 3078 1691 3162 progrediar
1745 3078 1827 3142 ad
1881 3078 2165 3160 reh‘quas
2217 3077 2456 3161 figuras
2504 3078 2844 3144 verborum
2887 3080 3293 3143 consideran-

733 3184 880 3260 das,
923 3181 1046 3247 hoc
1089 3182 1229 3246 loco
1275 3202 1441 3264 quae
1485 3180 1814 3246 observavi
1879 3181 1960 3245 de
2013 3181 2419 3247 verborum
2472 3182 2735 3263 inopia
2788 3183 3066 3245 inserere
3118 3180 3290 3259 volo:

733 3287 1143 3370 perspicuum
1173 3284 1341 3349 enim
1359 3282 1495 3347 fore
1532 3305 1718 3367 spero
1751 3286 2074 3350 orationes
2103 3284 2393 3349 XXXIV.
2440 3289 2506 3347 et
2546 3282 2726 3362 LVI.,
2771 3304 2933 3366 quas
2972 3283 3294 3365 permulta

734 3390 1063 3454 continere
1129 3386 1538 3471 synonymiae
1602 3387 1894 3470 exempla
1955 3387 2147 3450 modo
2215 3386 2507 3468 exposui,
2568 3387 2779 3450 minus
2842 3387 3037 3451 etiam
3096 3406 3293 3467 quam

735 3492 1095 3556 orationem
1137 3487 1434 3557 XXXIII.
1481 3487 1777 3554 laborare
1831 3488 2175 3555 verborum
2236 3488 2469 3570 inopia.
2558 3487 2657 3551 Ex
2723 3488 2847 3552 hac
2910 3487 3081 3550 enim
3142 3486 3297 3551 affe-

732 3595 936 3659 renda
995 3597 1148 3658 sunt
1206 3591 1366 3657 haec
1422 3590 1634 3669 verba,
1677 3590 2050 3669 locutiones,
2092 3590 2468 3668 sententiae,
2519 3589 2659 3668 loci,
2708 3596 3088 3669 structurae,
3130 3611 3297 3671 quae

733 3698 956 3763 vitiose
998 3696 1234 3760 iterata
1277 3713 1414 3757 esse
1455 3692 1724 3757 dixeris:

930 3802 995 3864 1:
1038 3788 1076 3862 ὅ
1113 3820 1180 3860 τι
1223 3788 1302 3861 ἂν
1339 3788 1549 3860 αῦτῶν
1589 3795 2045 3883 καταγνωσθῇ
2087 3797 2187 3859 22.
2234 3788 2301 3858 εἴ
2334 3818 2400 3858 τι
2442 3789 2939 3881 καταγνωσθείη
2966 3794 3079 3856 τοῦ
3111 3795 3296 3878 Παρ-

1123 3896 1440 3981 μένοντος.

928 4008 995 4068 2:
1042 3998 1158 4066 ἐπὶ
1189 3996 1302 4087 τὴν
1328 3996 1762 4087 παραγραφὴν
1789 3995 2234 4086 καταφεύγειν,
2276 3998 2509 4081 quibus
2537 3998 2747 4064 verbis
2778 4016 2943 4079 quae
2973 3994 3298 4060 simillima

1120 4110 1288 4183 sunt,
1339 4124 1535 4186 supra
1579 4102 1666 4187 (p.
1691 4102 1759 4187 9)
1803 4103 2074 4185 apposui
2118 4123 2197 4165 ex
2220 4104 2302 4182 ἐξ
2334 4105 2414 4166 14
2451 4100 2569 4178 bis,
2630 4103 2727 4175 17,
2772 4101 2852 4165 29
2878 4097 2995 4176 bis,
3041 4100 3123 4163 36
3169 4095 3296 4176 bis3

1127 4206 1296 4271 addo
1341 4206 1448 4270 hjc
1493 4202 1602 4269 ἐπ’
1649 4201 1762 4289 ἐμὲ
1803 4202 2027 4268 ἐλθεῖν
2069 4206 2123 4284 ξ·
2155 4206 2255 4269 25.

930 4314 997 4374 2:
1045 4302 1288 4386 ἀδίκως
1309 4305 1733 4394 ἐγκαλοῦντας
1752 4303 1868 4370 καὶ
1893 4344 1963 4351 -
1993 4304 2566 4392 συκοφαντοῦντας,
2598 4300 3083 4389 3.ἐγκαλοῦντος
3108 4339 3189 4347 -
3213 4298 3297 4364 τὰ

1131 4412 1333 4498 ψευδῆ
1357 4408 1470 4475 καὶ
1496 4406 1681 4491 παρὰ
1708 4405 1858 4486 τοὺς
1882 4403 2110 4490 νόμους
2133 4402 2567 4488 δικαζομένου,
2600 4409 2659 4470 4.
2691 4400 2876 4492 παρὰ
2908 4398 3055 4480 τοὺς
3072 4398 3299 4486 νόμους

1130 4509 1338 4599 εἴληχέ
1356 4534 1470 4596 μοι
1488 4507 1601 4598 τὴν
1619 4507 1802 4598 δίκην
1821 4507 1934 4573 καὶ
1947 4505 2031 4573 τὰ
2054 4509 2262 4595 ψευδῆ
2283 4505 2671 4594 ἐγκέκληκεν,
2696 4510 2793 4574 35.
2817 4530 2873 4571 τ.
2888 4517 2964 4591 ψ.
2985 4529 3097 4589 μοι
3125 4503 3297 4591 ἐγκέ-

1131 4616 1323 4701 κληκε
1335 4612 1447 4678 καὶ
1460 4609 1644 4698 παρὰ
1654 4608 1803 4689 τοὺς
1812 4607 1926 4694 νόμ
1935 4634 2041 4687 ους
2050 4608 2163 4696 τὴν
2172 4611 2346 4696 λῆξιν
2355 4604 2718 4695 πεποίηται
2732 4608 3203 4694 (Schulz.l.l.p.7
3217 4615 3239 4673 l
3252 4610 3295 4690 ).

937 4720 1002 4780 3:
1051 4712 1085 4780 ὃ
1137 4715 1248 4782 τὸν
1298 4711 1513 4803 ἀγῶνα
1572 4713 1822 4780 τουτονὶ
1873 4707 2387 4788 κατεσκευακώς,
2459 4713 2555 4774 18.
2608 4702 2643 4773 ὃ
2700 4706 2773 4774 δέ
2827 4713 3035 4776 ταῦτα
3094 4736 3297 4776 κατα-

1136 4817 1459 4899 σκευάζων
1498 4818 1777 4903 (Schulz.
1824 4816 1866 4880 l.
1907 4816 1996 4901 l.).
