3667 5250
1743 325 2117 387 ...gn-

820 527 1008 592 Hisce
1065 521 1428 608 explanatis'
1475 526 1630 591 satis
1694 533 1852 607 puto
1912 547 2223 609 apparere
2278 534 2344 591 et
2392 526 2683 593 XXXIV.
2742 534 2807 592 et
2852 527 3011 593 LVI.
3067 550 3209 594 ora-

650 631 844 694 tionis
898 631 1517 711 argumentationem
1570 649 1718 693 cum
1770 629 2121 694 admodum
2168 629 2488 694 infirmam
2541 637 2682 695 tum
2741 629 3083 695 subdolam
3143 638 3209 696 et

651 732 1064 814 sophisticam
1087 752 1242 810 esse,
1266 733 1332 794 in
1357 738 1632 814 utraque
1661 733 1952 797 oratione
1974 731 2247 815 proferri
2267 740 2646 816 argumenta
2675 753 2942 816 prorsus
2971 735 3207 815 inepta,

651 834 790 899 fieri
834 837 1028 899 etiam
1066 832 1262 900 verba
1304 834 1494 917 plane
1535 836 1753 899 inania
1793 840 1991 918 atque
2035 838 2257 901 otiosa.
2328 835 2543 920 Longe
2576 836 2763 900 aliter
2792 835 3208 900 iudicandum

653 959 790 1003 esse
809 939 1058 1002 censuit
1079 936 1410 1002 Schulzius
1428 937 1509 1001 de
1529 938 1837 1002 orationis
1853 935 2146 1003 XXXIII.
2160 939 2715 1021 argumentatione
2735 937 2824 1024 (v.
2838 958 3101 1021 suprap.
3117 937 3206 1024 3).

823 1057 1022 1122 Venio
1066 1078 1234 1121 nunc
1279 1058 1364 1120 ad
1407 1056 1680 1122 alteram
1723 1057 2105 1123 inventionis
2147 1065 2426 1140 partem,
2481 1059 2569 1122 ad

925 1283 1017 1347 11.
1083 1281 1437 1346 Affectus
1484 1280 1929 1348 orationum
1967 1282 2311 1348 XXXIII.
2365 1284 2705 1350 XXXIV.
2764 1285 2951 1348 LVI.

825 1434 896 1499 In
931 1433 1328 1500 orationibus
1354 1432 1646 1498 XXXIV.
1666 1440 1733 1498 et
1750 1433 1910 1499 LVI.
1944 1456 2088 1499 cum
2119 1433 2390 1500 affectus
2420 1437 2756 1517 compositi
2782 1441 2913 1500 tum
2944 1434 3213 1500 affectus

656 1538 953 1615 concitati
1001 1543 1066 1600 et
1108 1535 1312 1600 multo
1356 1535 1574 1618 plures
1620 1543 1686 1600 et
1727 1537 2003 1602 maiores
2055 1543 2224 1602 sunt.
2318 1537 2425 1601 Illi
2462 1539 2872 1604 inveniuntur
2912 1537 3207 1615 XXXIII,

656 1644 756 1718 35,
801 1638 1091 1716 XXXIV,
1140 1641 1258 1716 1,2,
1301 1639 1504 1720 38l39,
1554 1643 1654 1718 50,
1700 1639 1859 1720 LVI,
1902 1641 1995 1718 13,
2045 1643 2142 1718 14,
2184 1643 2285 1718 26,
2334 1643 2436 1718 27,
2483 1643 2586 1725 50,
2630 1640 2749 1705 hos
2786 1641 3210 1706 animadverti

656 1741 953 1821 XXXIII,
1004 1746 1102 1819 10,
1162 1743 1260 1819 16,
1317 1743 1414 1819 19,
1462 1744 1563 1820 21,
1619 1745 1721 1826 22,
1779 1745 1987 1827 33134,
2040 1745 2140 1821 35,
2190 1740 2480 1823 XXXIV,
2538 1742 2658 1828 (4),
2714 1745 2773 1821 6,
2821 1747 2920 1822 16,
2967 1746 3067 1823 20,
3107 1746 3209 1826 29,

657 1849 758 1924 36,
803 1849 904 1923 41,
961 1848 1064 1921 46,
1119 1847 1220 1922 47,
1277 1845 1378 1922 52,
1432 1843 1590 1923 LVI,
1645 1847 1703 1923 3,
1761 1848 1818 1924 7,
1877 1847 1976 1924 10,
2034 1850 2130 1923 11,
2182 1848 2283 1924 12,
2349 1847 2439 1924 16,
2488 1846 2586 1923 18,
2647 1848 2745 1923 19,
2802 1849 2902 1924 20,
2952 1848 3055 1925 23,
3106 1850 3209 1930 24,

657 1952 760 2032 25,
808 1950 908 2026 31,
957 1949 1061 2031 35,
1104 1950 1206 2024 40,
1253 1948 1354 2024 41,
1402 1949 1505 2022 42,
1551 1949 1654 2012 43.

828 2067 1004 2131 Haec
1049 2065 1360 2131 hactenus
1405 2067 1484 2130 de
1528 2068 1891 2134 inventione
1936 2069 2319 2132 orationum.
2372 2103 2455 2116 -
2506 2067 2656 2133 Jam
2703 2088 2873 2132 nunc
2915 2087 3033 2132 nos
3074 2087 3214 2133 ver-

656 2177 870 2234 tamus
914 2169 1002 2233 ad
1045 2169 1484 2252 quaestionem

761 2419 841 2490 B.
914 2407 996 2492 lle
1034 2406 1473 2512 dispositione,
1509 2429 1670 2513 quae
1707 2409 1807 2493 est
1842 2409 1910 2492 in
1948 2407 2352 2494 orationibus
2386 2403 2649 2493 XXXIII.
2684 2407 2933 2493 XXXIV.
2972 2408 3111 2495 tvl.

833 2580 927 2645 De
977 2579 1391 2663 dispositione
1438 2579 1744 2645 orationis
1793 2580 1937 2645 adv.
1986 2582 2373 2665 Apaturium
2426 2582 2703 2664 scriptae
2755 2586 2929 2647 recte
2971 2582 3216 2647 iudica-

663 2685 823 2749 visse
877 2683 1284 2749 existimandi
1345 2689 1496 2747 sunt
1540 2682 1826 2747 Blassius
1881 2684 1971 2770 (p.
2028 2685 2183 2767 514)
2237 2690 2303 2747 et
2359 2683 2690 2749 Schulzius
2745 2683 2833 2767 (p.
2884 2688 3015 2764 46),
3070 2706 3215 2750 cum

663 2788 950 2851 dicerent
994 2787 1371 2850 concinnam
1400 2806 1537 2851 esse
1572 2786 1745 2851 illius
1777 2788 2085 2852 orationis
2118 2787 2601 2868 dispositionem
2640 2808 2716 2852 ac
2761 2808 2980 2851 rerum
3023 2786 3218 2852 collo-

663 2892 978 2955 cationem
1020 2896 1153 2953 tam
1198 2895 1443 2953 rectam
1495 2909 1657 2967 esse,
1710 2894 1786 2953 ut
1840 2910 2059 2955 omnes
2102 2892 2457 2955 sententiae
2507 2890 2676 2953 inter
2715 2909 2783 2954 se
2828 2910 3107 2954 conexae
3152 2896 3217 2953 et

663 3000 852 3076 aptae
906 2998 1132 3057 essent.
1230 2991 1355 3056 Vix
1405 2991 1634 3056 habuit
1678 2990 2036 3072 Schulzius,
2098 2993 2274 3075 quod
2326 2994 2737 3075 vituperaret.
2835 2993 2924 3056 At
2965 2993 3033 3056 in
3074 3013 3219 3057 ora-

661 3098 914 3161 tionum
976 3094 1264 3159 XXXIV.
1331 3100 1396 3157 et
1447 3095 1608 3160 LVI.
1682 3096 2097 3177 dispositione
2168 3096 2543 3178 gravissima
2610 3093 3003 3177 deprehendi
3063 3096 3220 3159 vitia

662 3199 846 3263 facile
903 3187 1024 3263 tibi
1081 3200 1459 3279 persuasum
1516 3199 1597 3262 iri
1655 3219 1863 3280 spem.
1981 3197 2270 3262 Primum
2326 3198 2495 3261 enim
2552 3197 2938 3281 principales
3001 3204 3218 3280 partes

662 3302 839 3366 haud
890 3320 1038 3364 raro
1094 3298 1575 3365 confunduntur
1630 3302 1698 3365 in
1753 3322 1843 3365 or.
1901 3298 2203 3365 XXXIV:
2265 3299 2563 3381 probatio
2623 3298 3042 3365 inartificialis
3099 3299 3217 3384 (sc.

665 3404 1050 3480 testimonia,
1093 3401 1326 3484 quibus
1369 3423 1534 3484 quae
1581 3402 1887 3469 dixerunt
1922 3403 2224 3467 Phormio
2270 3407 2337 3481 et
2374 3401 2634 3483 Lampis
2680 3408 2900 3468 orator
2944 3402 3219 3485 probare

667 3506 917 3593 studet)
944 3506 1237 3570 immixta
1267 3510 1365 3568 est
1395 3506 1750 3569 narrationi
1781 3510 1820 3585 ξ
1849 3509 1949 3583 15,
1982 3504 2385 3569 refutationis
2424 3510 2679 3587 partem
2718 3506 2983 3570 immisit
3024 3507 3222 3588 scrip-

667 3619 773 3675 tor
839 3609 1145 3674 orationis
1206 3608 1600 3689 argumentis
1651 3612 1690 3689 §
1747 3610 1850 3686 32,
1908 3610 2002 3672 ita
2056 3613 2131 3670 ut
2190 3606 2495 3672 refutatio
2561 3627 2689 3671 non
2748 3610 2833 3672 sit
2890 3600 3042 3691 pars
3105 3630 3222 3691 per

671 3736 753 3792 se,
800 3710 1334 3796 paragraphoque
1366 3712 1449 3774 34
1479 3711 1867 3776 narrationis
1908 3716 2161 3793 partem
2203 3710 2490 3776 videmus
2535 3711 2840 3775 insertam
2886 3716 3223 3794 argum‘en-

669 3815 918 3880 tationi.
988 3813 1254 3894 Saepius
1272 3813 1338 3875 in
1369 3817 1642 3895 utraque
1671 3814 1961 3879 oratione
1994 3813 2220 3876 eadem
2247 3812 2346 3877 bis
2374 3812 2805 3895 proferuntur,
2836 3820 2911 3877 ut
2931 3812 3220 3891 XXXIV,

673 3922 774 4001 14,
827 3919 904 3981 31
960 3922 1025 3979 et
1069 3919 1150 3982 32
1204 3914 1683 4000 (Syngrapham
1732 3915 2002 3979 Athenis
2054 3915 2414 3996 depositam
2467 3915 2653 3994 esse),
2708 3918 2790 3982 43
2846 3912 3099 4001 (ἐπειδὴ
3151 3911 3225 3980 δὲ

670 4056 754 4067 ——-
774 4014 888 4104 τὴν
905 4012 1108 4103 δίκην)
1146 4024 1212 4082 et
1233 4021 1313 4084 45
1343 4012 1426 4098 (εἰ
1447 4011 1506 4081 οὶ
1524 4013 1642 4101 μὲν
1658 4013 1841 4101 νόμοι
1866 4056 1947 4065 —-
1973 4018 2424 4105 ψηφιεῖσθαι),
2460 4056 2543 4067 -
2569 4017 2791 4101 quales
2809 4020 3222 4101 repetitiones

674 4144 776 4187 me
820 4121 1183 4203 impellunt,
1244 4127 1319 4184 ut
1382 4122 1752 4185 dissentiam
1803 4143 1845 4186 a
1895 4119 2273 4185 Fraenkelio
2328 4120 2457 4205 (De
2509 4122 2752 4185 condic.
2805 4124 2944 4185 iure
2998 4121 3221 4186 iurisd.

673 4246 803 4291 soc.
845 4223 1075 4288 Athen.
1129 4246 1188 4307 p.
1238 4227 1317 4288 67
1376 4223 1452 4288 cl.
1507 4223 1731 4288 Meieri
1776 4230 1842 4287 et
1888 4223 2176 4289 Schoem.
2231 4222 2272 4287 1.
2319 4222 2359 4288 l.
2398 4223 2529 4306 (ed.
2586 4245 2626 4288 a
2670 4223 2913 4309 Lipsio)
2965 4245 3025 4306 p.
3078 4226 3221 4301 636,

675 4352 734 4392 n.
777 4325 932 4411 411)
975 4328 1253 4410 dicente,
1303 4324 1497 4391 verba
1541 4346 1647 4407 qu.
1694 4347 1742 4391 s.
1789 4330 1828 4407 ξ
1874 4329 1985 4391 42:
2036 4323 2151 4390 καὶ
2196 4317 2269 4390 οἷ)
2307 4320 2499 4407 μόνον
2559 4319 2948 4413 -Ἀθῆναζε
3001 4325 3225 4389 addita

677 4452 812 4496 esse
845 4430 927 4494 ab
956 4430 1416 4513 interpolatore
1446 4428 1727 4510 quodam
1763 4466 1859 4507 —,
1910 4428 2069 4507 LVI,
2102 4431 2204 4507 23,
2237 4449 2368 4510 qua
2411 4449 2557 4493 cum
2588 4427 2993 4511 paragrapho
3038 4427 3225 4492 velim

676 4532 965 4599 conferas
1019 4535 1227 4614 §33a,
1273 4534 1353 4598 23
1396 4537 1463 4595 et
1502 4533 1754 4597 42—43
1805 4531 1894 4614 (v.
1924 4552 2120 4613 supra
2141 4553 2201 4613 p.
2228 4530 2317 4617 6),
2361 4534 2441 4595 25
2493 4538 2557 4595 et
2611 4536 2694 4598 40
2746 4530 2993 4617 (omnia
3042 4551 3225 4594 reum

676 4636 962 4701 Athenas
1006 4638 1260 4701 mittere
1304 4632 1648 4716 debuisse),
1693 4631 1826 4698 33b
1876 4639 1942 4697 et
1988 4636 2089 4712 37,
2137 4634 2258 4697 nisi
2304 4654 2472 4715 quae
2522 4633 2645 4698 hac
2686 4654 2939 4716 paragr.
2986 4634 3227 4715 scripta

676 4746 827 4804 sunt
868 4739 1419 4823 recapitulationis
1461 4736 1602 4801 loco
1649 4735 1823 4799 dicta
1867 4756 2002 4801 esse
2047 4737 2303 4801 dixeris.
2403 4736 2512 4801 Bis
2553 4736 2727 4819 leges
2770 4734 3120 4799 afferunter
3159 4736 3225 4798 in

676 4841 966 4907 XXXIV.
1008 4843 1122 4927 (ξὲ
1146 4846 1185 4907 4
1233 4848 1298 4906 et
1341 4841 1475 4926 42),
1521 4839 1621 4903 bis
1663 4838 2067 4922 syngraphae
2109 4842 2175 4903 in
2216 4838 2373 4903 LVI.
2421 4840 2710 4903 oratione
2755 4838 2870 4923 (ἐξ
2910 4842 2947 4903 6
2988 4845 3054 4902 et
3091 4838 3224 4921 36).
