3667 5250
1522 299 1944 360 ...23—

629 501 988 582 Repentina
1031 500 1300 564 subiecti
1344 501 1618 565 mut-atio
1666 506 1764 565 est
1806 498 2097 578 XXXIV,
2153 503 2245 566 16.
2294 490 2371 577 εὃς
2415 501 2529 586 (sc.
2575 500 2859 587 Lampis)
2902 495 3016 566 οὐκ

459 598 740 690 ἔφασκεν
778 594 920 666 οῦτε
971 599 1056 666 τὰ
1097 599 1390 690 χρήματα
1435 599 1863 668 ἐντεθεῖσθαι
1908 603 2133 667 τοῦτον
2185 601 2299 687 (sc.
2344 603 2825 689 Phormionem)
2871 596 3015 668 οῦτε

458 701 535 769 τὸ
581 701 838 790 χρυσίον
884 698 1318 792 ἀπειληφέναι
1371 706 1486 792 (sc.
1548 705 1979 791 Lampidem);
2042 703 2119 770 cf.
2163 708 2260 771 19.
2322 705 2479 792 παρ’
2532 699 2681 789 ῦμῖν
2730 702 2848 788 μὲν
2898 701 3017 790 γὰρ

458 805 572 871 καὶ
605 801 780 895 ὀργὴ
816 804 1062 894 μεγάλη
1107 805 1221 872 καὶ
1271 804 1603 894 τιμωρία
1646 803 1996 872 ῦποκεῖται
2039 809 2179 885 τοῖς
2221 803 2305 872 τὰ
2349 807 2553 894 ψευδῆ
2603 809 3015 894 μαρτυροῦσι,

461 905 626 995 πρὸς
687 906 760 974 δὲ
820 912 914 995 τῷ
974 910 1275 998 διαιτητῇ
1334 948 1420 959 —
1479 911 1908 997 μαρτυροῦσιν
1956 901 1992 974 ὅ
2034 925 2105 974 τι·
2147 902 2227 974 ἂν
2266 903 2657 994 βούλωνταις
2712 911 2872 990 LVI,
2918 913 3017 976 16.

458 1014 666 1076 ταῦτα
729 1011 787 1076 δ’
842 1005 1017 1100 ἡμῶν
1065 1008 1376 1098 λεγόντων
1419 1051 1494 1061 -—
1540 1010 1656 1077 καὶ
1703 1005 2047 1094 ἀξιοίντων
2090 1009 2673 1100 Διονυσόδωρον
2710 1010 3018 1078 τουτονὶ

458 1111 571 1201 τὴν
611 1110 730 1198 μὲν
776 1110 1136 1202 συγγραφὴν
1182 1111 1284 1203 μὴ
1335 1117 1578 1180 κινεῖν
1618 1153 1722 1195 —-,
1790 1115 1917 1179 τῶν
1966 1111 2038 1180 δὲ
2083 1111 2424 1204 χρημάτων
2477 1108 2603 1180 ὅσα
2650 1113 2769 1199 μὲν
2830 1109 3020 1193 αὐτὸς

459 1212 774 1303 ὁμολογεῖ,
821 1211 1252 1282 ἀποδοῦναι
1297 1211 1464 1305 ἡμῖν,
1513 1215 1664 1304 περὶ
1707 1214 1780 1283 δὲ
1815 1218 1945 1282 τῶν
1990 1211 2487 1304 ἀντιλεγομένων
2524 1256 2615 1266 —-
2647 1219 3017 1306 κριθῆναι

461 1321 620 1405 (non
663 1320 1069 1404 probaverim
1125 1320 1366 1385 Reiskii
1418 1323 1832 1398 sententiam,
1893 1321 2003 1402 qui
2060 1321 2174 1406 (ad
2222 1322 2406 1400 1288,
2452 1322 2507 1409 5)
2550 1345 2644 1407 κρ.
2698 1321 2805 1386 hic
2847 1322 3019 1386 idem

459 1444 595 1488 esse
641 1445 716 1488 ac
760 1420 872 1487 ε’ἆν
913 1446 1008 1504 κρ.
1056 1422 1262 1508 dicit),
1316 1425 1416 1488 21.
1473 1421 1634 1510 φησὶ
1679 1462 1765 1472 —
1813 1419 1929 1509 τὴν
1970 1425 2122 1487 ναῦν
2164 1423 2461 1510 ῥαγῆναι,
2517 1421 2631 1488 καὶ
2678 1418 2791 1488 διὰ
2837 1422 3018 1487 ταῦτ’

462 1517 958 1613 ἀναγκασθῆναι
1026 1523 1140 1589 καὶ
1221 1522 1561 1611 προσέχειν
1637 1521 1732 1603 εἷς
1804 1520 1919 1610 τὴν
1964 1521 2183 1590 Ῥόδον
2239 1519 2442 1590 κάκεῖ
2489 1521 2833 1608 ἐξελέσθαι
2910 1522 3022 1590 τὸν

463 1629 661 1691 σῖτον.
2232 1615 2235 1618 ’

630 1729 1002 1794 Resumitur
1049 1732 1254 1795 oratio
1316 1721 1517 1806 οῦτως
1572 1730 1877 1795 adverbio
1934 1731 2116 1794 illato
2168 1730 2458 1810 XXXIV,
2508 1734 2609 1809 20,
2663 1731 2775 1796 ubi
2830 1731 3017 1796 haec:

462 1829 896 1919 παρεχομένου
946 1830 1166 1916 [ἐμοῦ]
1211 1829 1375 1919 πρὸς
1414 1828 1526 1898 τὸν
1564 1829 1900 1920 διαιτητὴν
1941 1829 2054 1896 τὶν
2111 1871 2181 1878 ——
2228 1829 2585 1920 μαρτυρίαν
2636 1873 2738 1914 -—-,
2788 1826 3022 1912 οῦτως

460 1929 495 2001 ὃ
525 1931 823 2018 Λάμπις
859 1931 1031 1999 κατὰ
1070 1931 1304 2021 κράτος
1345 1931 1810 2020 ἐξελεγχόμενος
1853 1931 1937 1999 τὰ
1968 1935 2172 2021 ψευδῦ
2212 1938 2547 2023 μαρτυρῶν
2578 1977 2657 1986 -—
2688 1931 3017 2023 ὡμολόγει.

459 2035 730 2102 Prorsus
771 2037 992 2102 similis
1034 2045 1132 2104 est
1175 2039 1354 2103 locus
1379 2040 1687 2104 orationis
1716 2037 1875 2103 LVI.
1900 2037 2031 2103 hic:
2079 2031 2609 2126 ἀποκριναμένων
2627 2039 2685 2104 δ’
2713 2034 2890 2124 ’ἱμῶν
2914 2078 3016 2120 --,

458 2129 562 2202 ὅτι
615 2133 730 2203 οὐκ
779 2131 858 2202 ἂν
917 2135 1330 2223 δανείσαιμεν
1382 2179 1485 2219 -,
1534 2132 1724 2204 οῦτω
1768 2141 2321 2227 προσομολογοῦσι
2372 2139 2789 2207 πλεύσεσθαι
2840 2143 3021 2229 δεῦρο

461 2245 500 2322 ξ
547 2244 584 2306 6
637 2240 744 2326 (cf.
801 2241 1112 2308 Schwarz.
1158 2265 1220 2326 p.
1271 2246 1368 2321 13,
1421 2263 1615 2325 quem
1673 2244 1885 2308 minus
1944 2250 2117 2308 recte
2170 2246 2556 2310 contendere
2612 2252 2772 2330 puto
2820 2237 3021 2323 οῦτως

461 2348 526 2408 et
567 2343 752 2429 δεῦρο
793 2345 988 2410 verba
1031 2344 1388 2429 significare
1434 2340 1530 2422 εἰς
1561 2337 1728 2431 'Aoi
1735 2344 1897 2430 νας).

631 2445 750 2513 Hic
805 2469 1180 2514 enumerare
1256 2448 1449 2512 liceat
1520 2447 1695 2512 locos
1702 2497 1720 2531 ‚
1787 2447 2022 2530 quibus
2085 2450 2497 2531 respondent,
2536 2450 3019 2533 pronominibus

459 2549 740 2616 relativis
785 2557 850 2616 et
894 2550 1227 2635 particulis
1272 2549 1798 2616 antecedentibus
1842 2549 2298 2634 subsequentia
2335 2555 2716 2635 pronomina
2758 2555 3021 2619 demon-

457 2656 725 2720 strativa
766 2661 831 2719 et
871 2656 1254 2739 particulae:
1301 2652 1593 2732 XXXIII,
1641 2657 1698 2718 4.
1758 2646 1845 2729 ὡς
1896 2690 1965 2699 -
2016 2655 2223 2735 τοῦτο,
2273 2659 2372 2721 15.
2418 2653 2477 2721 εἰ
2521 2695 2605 2704 -—
2645 2659 2872 2739 ταῦτα,
2918 2661 3016 2723 15.

459 2745 558 2833 οἷς
597 2794 685 2805 —-
719 2753 990 2837 τούτοις,
1039 2759 1140 2822 35.
1194 2748 1296 2821 ὅτι
1351 2796 1435 2804 -
1478 2758 1693 2834 τοῦτο;
1748 2755 2039 2835 XXXIV,
2095 2760 2195 2823 34.
2244 2755 2475 2847 ἐπειδὴ
2518 2798 2602 2807 —-
2645 2761 3015 2848 τηνικαῦτα,

459 2862 561 2925 35.
607 2855 828 2925 έπειδῖ
877 2899 959 2908 -
998 2855 1153 2939 τότ’,
1200 2862 1302 2925 48.
1350 2852 1392 2922 ἃ
1443 2898 1514 2907 -
1563 2858 1782 2939 ταῦθ’,
1822 2861 1925 2925 48.
1969 2849 2447 2941 ὅσα-ταῦθ’,·
2487 2861 2648 2942 LVI,
2700 2864 2796 2929 18.
2843 2859 2903 2927 εἰ
2933 2902 3018 2911 --

453 2963 835 3048 τηνικαῦτα,
891 2966 991 3029 23.
1037 2954 1194 3027 ὅταν
1240 3001 1321 3009 -
1360 2962 1741 3049 τηνικαῦτα,
1806 2966 1909 3027 24.
1965 2948 2052 3026 ὧν
2100 3002 2181 3010 -—
2224 2964 2433 3045 ταῦτ’,
2499 2967 2601 3031 28.
2655 2962 2714 3030 εἰ
2767 3004 2853 3014 -
2903 2962 3017 3031 διὰ

458 3066 683 3129 ταῦτα.
727 3103 798 3112 —-
834 3066 1072 3131 Ordine
1104 3066 1353 3130 inverso
1383 3066 1780 3147 praecedunt
1808 3067 2191 3147 pronomina
2230 3072 2295 3130 et
2325 3067 2682 3148 particulae
2722 3067 3013 3147 XXXIII,

461 3172 542 3233 29
588 3174 655 3232 et
695 3169 796 3233 30.
839 3169 1029 3232 τοῦτο
1068 3205 1152 3215 —-
1193 3159 1316 3247 ότι,
1370 3169 1470 3231 32.
1517 3168 1706 3231 τοῦτο
1747 3188 1860 3214 -·
1914 3163 1972 3231 εἰ
2017 3167 2123 3253 (cf.
2173 3168 2421 3234 SchuIZ.
2467 3169 2508 3233 1.
2547 3169 2588 3235 l.
2630 3192 2692 3253 p.
2725 3172 2807 3236 80
2838 3194 2897 3235 n.
2930 3172 3013 3257 1),

458 3270 746 3354 XXXIV,
793 3274 851 3335 5.
892 3270 1082 3334 τοῦτο
1125 3308 1208 3320 —-
1255 3263 1358 3347 ὡς,
1404 3268 1566 3353 LVI,
1614 3273 1671 3334 1.
1719 3266 1923 3333 έκεῖνο
1968 3308 2049 3317 —-
2088 3260 2211 3333 ότι.

629 3321 914 3451 XXXIV,
963 3374 1064 3451 27,
1106 3371 1217 3435 ubi
1255 3371 1417 3436 haec
1447 3372 1751 3455 leguntur
1780 3371 2006 3437 verba·
2048 3369 2320 3438 τούτου
2360 3370 2433 3438 δὲ
2476 3396 2599 3461 φνς
2641 3371 3012 3464 φροντίζειν,

460 3500 539 3541 ον
581 3474 653 3557 ἐξ
690 3469 880 3562 ἀρχῗς
923 3468 1121 3551 εὐθὺς
1157 3468 1422 3557 ἰδίκεις,
1455 3475 1841 3540 attractione
1870 3476 2179 3557 prominis
2211 3476 2463 3541 relativi
2492 3478 2769 3559 scriptor
2796 3498 3018 3560 super-

459 3579 652 3657 sedit3
727 3599 845 3643 nec
903 3583 1121 3641 tamen
1172 3579 1241 3641 in
1283 3576 1406 3642 hoc
1463 3578 1633 3657 loc0,
1697 3599 1844 3642 cum
1919 3579 2403 3661 pronominibus
2471 3582 2839 3664 designetur
2901 3583 3014 3659 vir,

460 3680 912 3747 offendendum
939 3701 1076 3745 esse
1108 3679 1442 3745 Schulzius
1461 3682 1513 3765 1)
1557 3687 1730 3745 recte
1755 3682 2023 3745 monuit.
2112 3682 2317 3764 Magis
2352 3681 2670 3747 offendere
2709 3683 3014 3748 debemus

458 3786 523 3847 in
593 3783 844 3848 duobus
902 3784 1060 3847 locis
1110 3785 1417 3847 orationis
1469 3782 1657 3861 LVI.,
1722 3786 1834 3865 qui
1886 3791 2037 3849 sunt
2087 3789 2125 3863 ἓ
2181 3788 2273 3851 10.
2327 3786 2456 3849 τῶν
2511 3782 2929 3870 ἐπιτιμίων
2972 3777 3015 3849 ἃ

461 3883 941 3972 συνεγράψαντο
985 3892 1051 3950 et
1081 3888 1181 3949 26.
1225 3883 1376 3971 περὶ
1421 3882 1495 3950 δὲ
1533 3887 1662 3950 τῶν
1700 3885 2071 3966 δανειστῶν,
2118 3880 2222 3963 οῦς
2250 3909 2417 3974 φασι
2458 3886 3012 3974 συγκεχωρηκέναι,

461 3990 694 4073 quibus
735 3989 1081 4054 accusativi
1125 3987 1669 4053 substantivorum
1718 3990 2011 4071 genitivis
2047 4010 2175 4053 non
2218 3990 2637 4054 attrahuntur
2679 3992 2744 4054 in
2780 3978 2881 4055 ὧν.
2929 4031 3012 4038 —

458 4092 617 4158 Aliis
657 4093 811 4157 locis
859 4094 1310 4157 attractionem
1351 4098 1639 4156 oratores
1682 4113 2014 4173 nunquam
2044 4092 2491 4175 neglexerunt:
2535 4093 2677 4158 vide
2718 4093 3010 4173 XXXIII,

465 4199 560 4275 13,
608 4198 712 4280 26,
757 4197 860 4274 36,
899 4193 1186 4272 XXXIV,
1232 4193 1411 4272 8bis,
1457 4196 1554 4272 18,
1603 4196 1702 4273 28,
1753 4197 1853 4272 29,
1895 4198 1997 4273 40,
2042 4198 2145 4273 44,
2193 4194 2348 4273 LVI,
2396 4196 2497 4259 33.

634 4298 972 4363 Structura
1002 4298 1069 4361 in
1107 4296 1301 4361 aliam
1331 4303 1781 4374 commutatur,
1829 4318 1976 4361 cum
2009 4296 2295 4362 membro
2324 4298 2517 4362 alicui
2559 4299 3013 4363 enuntiationis

459 4401 865 4466 abundanter
888 4399 1154 4465 additur
1175 4399 1352 4463 aliud
1376 4399 1751 4477 membrum,
1784 4399 1959 4464 velut
1989 4399 2277 4479 XXXIV,
2310 4403 2420 4465 28:
2466 4396 2531 4464 ἐν
2565 4389 2671 4477 αἷς
2707 4397 3010 4484 [ἐπιστο-

460 4502 638 4585 λαῖς]
687 4499 1041 4588 ἐγέγραπτο
1089 4500 1617 4586 παρακολουθεῖν
1669 4522 1818 4579 σοι,
1877 4491 1975 4579 οἷς
2026 4494 2105 4565 ὃν
2143 4498 2463 4590 πράττῃς,
2518 4503 2677 4582 LVI,
2724 4506 2780 4568 8.
2827 4495 3013 4567 ὅθεν

638 4741 679 4809 ¹)
716 4741 1170 4795 De⁴attractionis
1203 4741 1536 4809 pronominis
1572 4741 1665 4794 rel.
1696 4757 1778 4809 ap.
1809 4745 2052 4795 oratores
2077 4742 2193 4796 Att.
2231 4742 2560 4797 recentiores
2586 4759 2689 4797 usu
2724 4746 2781 4795 et
2806 4742 3008 4811 for-mie,

459 4827 642 4896 Progr.
682 4826 952 4879 Budissin.
991 4843 1037 4880 a.
1080 4832 1228 4895 1382,
1262 4844 1313 4896 p.
1353 4832 1399 4882 8.
