3667 5250
1529 307 1941 368 -15-

448 509 862 594 synonymiae
923 507 1161 586 forma,
1225 529 1392 590 quae
1456 509 1736 590 primum
1796 510 1875 572 iis
1936 508 2093 573 loeis
2155 509 2460 586 cernitur,
2507 508 2739 590 quibus
2784 510 3007 574 eadem

445 632 551 675 res
613 632 732 693 per
791 609 1291 675 affirmationem
1343 616 1410 674 et
1473 610 1879 693 negationem
1939 610 2345 693 exprimitur,
2409 615 2484 673 ut
2536 609 2843 690 XXXIII,
2904 616 3007 676 11:

449 706 885 796 ἀδικούμενος,
934 704 1076 776 ἀλλ’
1123 704 1236 776 οἰκ
1282 704 1542 790 ἀδικῶν,
1588 711 1877 790 XXXIV,
1930 714 1997 775 4:
2053 705 2111 775 οἳ
2157 705 2339 794 νόμοι
2384 749 2467 758 -
2513 704 3008 798 ἀπολογεῖσθαι

447 812 814 880 κελεύουσιν
856 808 1239 878 εὐθυδικίαν
1281 809 1586 893 εἰσιόντα,
1643 807 1714 878 ού
1765 816 2161 900 κατηγορεῖν,
2221 816 2325 877 123
2370 809 2580 898 ἕτερος
2620 805 2740 901 ἤδη
2781 803 2855 902 ἦν
2893 814 3007 880 καὶ

449 911 558 1000 οἰχ
613 911 648 982 ὃ
701 911 920 996 αύτός,
991 920 1103 984 333
1164 912 1636 1002 παραβεβηκὼς
1685 915 1743 980 δ’
1798 909 1996 992 εύθὺς
2046 911 2118 997 ἐξ
2167 907 2357 1002 ἀρχῆς
2408 913 2523 979 καὶ
2577 913 2662 979 τὰ
2705 913 3007 1004 ’χρήματα

451 1014 568 1086 οῦκ
619 1017 986 1103 ἐνθέμενος,
1052 1021 1184 1084 523·
1216 1012 1382 1102 ῦμᾶς
1423 1015 1494 1083 δὲ
1539 1018 1639 1083 δεῖ
1676 1018 2315 1140 συνεπανορθοῦντας
2360 1012 2720 1103 φαίνεσθαι
2766 1017 2879 1083 καὶ
2921 1017 3001 1102 μῖ

451 1124 926 1210 συγχωροῦντας
976 1123 1115 1198 τοῖς
1161 1124 1490 1208 πονηροῖς,
1540 1120 1699 1201 LVI,
1766 1124 1830 1186 9:
1890 1116 1983 1197 εἰς
2023 1115 2309 1206 Αθήνας
2352 1119 2564 1198 πλεῖν,
2608 1117 2701 1198 εἰς
2744 1121 2801 1186 δ’
2850 1113 3012 1186 ἀλλο

446 1222 646 1312 μηδὲν
693 1220 1022 1310 ἐμπόριον,
1089 1226 1206 1302 123,
1260 1216 1451 1300 αὐτὸς
1513 1218 1724 1309 ἑαυτῷ
1763 1223 2136 1307 νομοθετῶν
2186 1219 2301 1286 καὶ
2362 1216 2496 1304 ούχὶ
2561 1226 2709 1300 τοῖς·
2765 1220 2838 1288 ἐκ
2898 1226 3011 1310 τῗς

451 1327 815 1414 συγγραφῆς
855 1320 1140 1401 δικαίοις
1171 1321 1583 1409 πειθόμενος,
1617 1329 1728 1392 303
1774 1320 2369 1412 προσκεκερδήκασι
2403 1322 2516 1388 καὶ
2548 1318 2661 1390 οῦκ
2694 1318 3008 1413 ἀφείκασι

449 1426 702 1507 τούτοις
764 1421 973 1506 οὐδέν,
1033 1429 1142 1493 323
1205 1424 1264 1492 εὶ
1319 1427 1377 1492 δ’
1423 1424 1600 1493 ἔστιν
1649 1422 1688 1514 ἢ
1737 1429 1890 1505 ναῦς
1944 1429 2073 1505 σῶς
2122 1425 2236 1491 καὶ
2293 1423 2375 1511 μὴ
2427 1424 2850 1514 διέφθαρται,
2897 1431 3007 1494 343

449 1528 779 1618 σωθείσης
823 1553 894 1595 τε
944 1531 1056 1617 τῆς
1105 1525 1260 1607 νεώς
1310 1528 1423 1594 καὶ
1480 1525 1552 1596 ού
1600 1526 2099 1616 διεφθαρμένης,
2142 1532 2253 1596 423
2310 1523 2559 1605 ἑκόντες
2608 1528 2720 1594 καὶ
2780 1524 2894 1596 οῦκ
2940 1527 3011 1612 ἐξ

451 1628 746 1720 ἀνάγκης.
803 1671 868 1680 --
922 1631 1087 1696 Tum
1126 1632 1287 1696 illud
1329 1632 1420 1710 fit,
1467 1641 1541 1698 ut
1584 1655 1677 1718 ea,
1719 1654 1888 1716 quae
1929 1633 2218 1715 negative
2263 1638 2416 1697 sunt
2459 1651 2787 1713 expressa,
2839 1632 3011 1697 affir-

450 1739 683 1801 mative
727 1741 1120 1817 repetantur,
1166 1741 1240 1799 ut
1292 1733 1595 1819 XXXIII,
1650 1741 1760 1802 24:
1813 1727 1929 1798 ούκ
1982 1725 2061 1797 ἂν
2112 1728 2308 1819 τρίτῳ
2360 1728 2490 1797 ἔτει
2535 1725 2819 1819 ῦστερον,
2866 1727 3008 1800 ἀλλ’

450 1832 649 1914 εύθὺς
693 1833 838 1901 τότε
892 1831 1317 1922 εἰσέπραττεν
1368 1829 1462 1916 ἀν,
1514 1836 1804 1915 XXXIV,
1865 1840 1973 1902 12:
2026 1833 2139 1899 καὶ
2198 1823 2381 1913 οὗτος
2433 1832 2605 1900 κατὰ
2654 1833 2773 1920 μὲν
2814 1830 3012 1924 ἀρχὰς

451 1933 861 2004 οῦδεπώποτ’
925 1978 1009 1986 -
1087 1930 1238 2004 εἶπε
1320 1935 1430 2004 τὸν
1500 1935 1684 2024 λόγον
1756 1941 1981 2003 τοῦτον
2047 1929 2124 2003 εὂν
2194 1935 2325 2010 νυνὶ
2403 1936 2600 2023 λέγει,
2686 1931 2828 2002 ἀλλ’
2906 1934 3009 2004 ἀεὶ

450 2037 757 2128 ὡμολόγει
803 2034 1201 2121 ἀποδώσειν,
1249 2044 1360 2107 313
1405 2035 1518 2105 οῦκ
1564 2038 1726 2125 ἐμοὶ,
1782 2034 1927 2104 ἀλλ’
1970 2036 2189 2126 ἑτέρῳ,
2245 2045 2355 2106 46:
2396 2043 2509 2105 τοῦ
2552 2039 2609 2104 δ’
2671 2033 3010 2106 ἀποδεδω-

449 2142 630 2209 κέναι
678 2137 885 2219 οἰδείς
939 2139 1080 2207 ἔστι
1122 2139 1366 2228 μάρτυς
1407 2138 1526 2224 ἔξω
1569 2145 1682 2208 τοῦ
1727 2140 2102 2226 Λάμπιδος
2146 2145 2260 2205 τοῦ
2303 2141 2790 2220 συναδικοῦντος
2836 2195 2849 2208 .
2896 2143 3010 2209 καὶ

455 2233 633 2323 σῦτος
689 2243 809 2328 μὲν
867 2240 962 2321 εἰς
1025 2242 1264 2309 ἐκεῖνον
1314 2240 1507 2329 μόνον
1565 2238 1871 2332 ἀναφέρει
1932 2242 2043 2309 τὶν
2112 2237 2459 2323 ἀπόδοσιν,
2522 2243 2688 2322 LVI,
2756 2248 2863 2312 18:
2928 2241 3014 2325 ὡς

455 2339 804 2435 ἀνθρωπος
859 2340 930 2410 οῦ
982 2347 1077 2430 τῷ
1126 2342 1366 2433 δικαίῳ
1419 2345 1772 2426 πιστεύων,
1829 2340 2001 2412 ἀλλὰ
2046 2342 2397 2432 διάπειραν
2448 2340 2621 2430 ῦμῶν
2662 2344 3015 2431 λαμβάνειν

447 2447 846 2533 βουλόμενος,
892 2451 1008 2514 273
1053 2441 1166 2512 οἰκ
1212 2440 1408 2527 ἄλλος
1435 2445 1661 2529 οὐδεὶς,
1708 2443 1852 2514 ἀλλ’
1886 2443 2079 2525 αὐτὸς
2122 2445 2217 2528 σύ,
2265 2452 2375 2515 45:
2422 2442 2535 2512 οῦκ
2560 2441 3016 2537 ἀπειλήφαμεν

447 2549 532 2616 τὰ
589 2549 883 2641 χρήματα
939 2543 1085 2615 οῦδὲ
1134 2547 1282 2629 τοὺς
1336 2548 1592 2632 τόκους,
1641 2545 1784 2616 ἀλλ’
1842 2547 2053 2635 ἔχουσι
2108 2547 2193 2615 τὰ
2244 2545 2516 2638 ἡμέτερα
2570 2551 2684 2616 καὶ
2737 2555 3011 2635 χρῶνται

448 2652 738 2741 δεύτερον
780 2650 938 2731 ἔτος.
971 2693 1051 2702 —
1094 2655 1384 2738 Denique
1416 2677 1508 2735 ea,
1558 2677 1722 2738 quae
1748 2655 2130 2720 affirmative
2165 2662 2279 2719 aut
2307 2656 2597 2737 negative
2642 2659 3010 2739 exprimun-

445 2766 585 2841 tur,
646 2756 1024 2822 affirmative
1069 2758 1263 2820 etiam
1318 2764 1433 2823 aut
1476 2760 1768 2842 negative
1811 2762 2148 2823 iterantur.
2238 2756 2553 2840 Exempla
2595 2758 2661 2821 in
2705 2767 3008 2841 promptu

447 2865 601 2924 sunt
624 2858 1130 2944 haeorXXXHI,
1158 2864 1226 2925 2:
1270 2858 1860 2947 παραγραψάμενοι
1881 2899 1967 2909 —
1990 2858 2103 2924 καὶ
2146 2854 2553 2936 εἰσελθόντες
2582 2855 2677 2936 εἷς
2704 2854 2891 2943 ῦμᾶς,
2940 2864 3007 2925 3:

450 2958 865 3048 ἐγκαλοῦντος
909 2999 994 3008 -
1048 2958 1132 3025 τὰ
1187 2964 1394 3050 ψευδῆ
1443 2962 1557 3027 καὶ
1612 2960 1796 3049 παρὰ
1853 2960 2001 3040 τοὺς
2048 2960 2275 3044 νόμους
2329 2959 2745 3045 δικαζομένου
2788 2963 2889 3027 cll.
2941 2968 3009 3027 4:

450 3060 637 3150 παρὰ
680 3061 828 3141 τοὺς
867 3060 1096 3147 νόμους
1138 3102 1219 3110 —
1254 3059 1462 3149 εἴληχέ
1499 3090 1612 3148 μοι
1654 3062 1766 3151 τὴν
1810 3063 1993 3153 δίκην
2018 3105 2101 3111 —
2128 3064 2241 3129 καὶ
2283 3062 2367 3129 τὰ
2402 3065 2608 3151 ψευδῆ
2638 3061 3012 3151 ἐγκέκληκεν

451 3173 517 3230 et
549 3169 660 3232 35:
710 3164 912 3252 ψευδῗ
944 3191 1055 3249 μοι
1099 3163 1435 3251 ἐγκέκληκε
1479 3164 1590 3229 καὶ
1623 3164 1807 3251 παρὰ
1837 3165 1985 3245 τοὺς
2014 3164 2241 3251 νόμους
2275 3164 2387 3253 τὴν
2419 3167 2594 3253 λῆξιν
2622 3163 3007 3254 πεποίηται,

448 3268 740 3347 XXXIV,
798 3271 909 3337 20:
967 3264 1052 3331 τὰ
1116 3268 1324 3353 ψευδῆ
1375 3267 1708 3353 μαρτυρῶν
1765 3265 1879 3332 καὶ
1933 3265 2204 3354 πονηρὸς
2254 3260 2358 3347 ῶν,
2420 3270 2579 3348 LVI,
2637 3271 2703 3333 2:
2760 3272 2854 3354 τῷ
2907 3258 3013 3333 οῦν

453 3367 622 3436 ποτὲ
663 3365 1080 3447 πιστεύοντες
1141 3368 1256 3433 καὶ
1318 3365 1385 3432 τί
1451 3365 1757 3451 λαβόντες
1813 3366 1889 3434 τὸ
1953 3369 2220 3454 βέβαιον
2284 3370 2387 3454 (cf.
2443 3370 2655 3435 Reisk.
2698 3378 2766 3435 et
2808 3372 2882 3436 Gr.
2930 3372 3008 3436 H.

451 3472 700 3538 Sohaef.
757 3473 841 3537 ad
897 3476 1083 3556 1283,
1137 3472 1207 3559 s),
1277 3474 1343 3536 33
1399 3467 1584 3553 παρὰ
1636 3468 1749 3558 τὴν
1801 3469 2162 3559 συγγραφὴν
2215 3469 2329 3535 καὶ
2384 3469 2532 3549 τοὺς
2585 3470 2836 3555 νόμους,
2903 3478 3009 3539 103

451 3571 1050 3661 καταφρονήσαντες
1091 3571 1208 3658 μὲν
1244 3576 1316 3638 ‘cv'
1323 3598 1356 3651 ς
1401 3576 1763 3660 συγγραφῆς
1808 3612 1893 3618 -
1934 3571 2047 3638 καὶ
2093 3576 2219 3638 τῶν
2249 3570 2601 3658 ἐπιτιμίων
2642 3566 2684 3636 ὃ
2714 3572 3010 3659 συνεγρά-

453 3689 669 3760 ψαντο
719 3716 799 3725 -
848 3677 1010 3741 καθ’
1065 3670 1291 3755 αῦτῶν,
1349 3681 1458 3741 12:
1513 3678 1624 3762 τῆς
1678 3677 2001 3763 συγγραφῗ
2008 3701 2041 3754 ς
2091 3674 2204 3739 καὶ
2258 3677 2385 3740 τῶν
2434 3674 2724 3757 δικαίων,
2790 3684 2891 3742 153
2945 3674 3013 3742 τί

450 3774 572 3865 γὰρ
629 3773 872 3859 ἔχοντες
933 3774 1188 3843 δίκαιον
1235 3769 1278 3864 ’ὴ
1330 3774 1397 3841 τί
1458 3774 1533 3841 τὸ
1585 3773 1852 3863 ἰσχυρόν,
1929 3784 2033 3844 14:
2080 3775 2525 3843 ἐλαττοῦσθαί
2576 3802 2642 3843 τι
2693 3779 2807 3843 καὶ
2863 3801 3010 3865 συγ-

449 3883 692 3967 χωρεῖν,
762 3883 866 3945 17:
914 3875 1042 3961 ἔχει
1086 3918 1170 3927 -
1218 3875 1301 3943 τὰ
1344 3873 1616 3967 ἡμέτερα
1660 3877 1774 3943 καὶ
1817 3881 2045 3966 χρῆται
2086 3883 2226 3958 τοῖς
2260 3878 2559 3967 χρήμασι,
2626 3884 2733 3947 183
2789 3884 3010 3946 Ταῦτα

452 3978 664 4048 τοίνυν
707 4021 788 4031 —
832 3978 1416 4067 προκαλεσαμένων
1458 3976 1483 4045 i
1495 3983 1632 4063 μῶν
1676 3978 2160 4068 Διονυσόδωρον
2202 3981 2451 4057 τουτονὶ
2498 3981 2849 4062 πολλάκις,
2897 3984 3007 4049 καὶ

455 4082 572 4149 ἐπὶ
625 4080 878 4162 πολλὰς
926 4077 1164 4171 ἡμέρας
1208 4079 1598 4149 ἐκτιθέντων
1647 4079 1760 4170 τὴν
1799 4080 2173 4170 πρόκλησιν,
2246 4088 2354 4148 273
2410 4076 2571 4171 αῦτη
2614 4082 2687 4149 δὲ
2730 4082 2798 4149 τί
2841 4084 3008 4172 λέγει

453 4185 567 4251 καὶ
631 4189 754 4251 ποῖ
804 4182 1199 4270 προστάττει.
1223 4170 1228 4175 ’
1249 4180 1360 4249 τὸν
1409 4187 1632 4250 πλοῦν·
1666 4187 2054 4263 ποιεῖσθαι,·
2111 4188 2219 4249 283
2267 4182 2324 4249 εἰ
2370 4183 2443 4249 δέ
2484 4209 2652 4263 τινες
2697 4181 3011 4275 ἀφείκασί

454 4285 522 4353 τί
541 4309 646 4353 σοι
670 4285 784 4351 καὶ
809 4283 1322 4374 συγκεχωρήκασι
1342 4283 1490 4363 τοὺς
1513 4280 1839 4363 εἶςῬόδον
1859 4281 2085 4363 τόκους
2109 4286 2215 4371 (cf.
2241 4288 2452 4351 Reisk.
2480 4296 2545 4351 et
2564 4288 2637 4354 G.
2657 4290 2736 4355 H.
2764 4290 3009 4356 Schaef.

454 4392 538 4455 ad
577 4390 857 4474 1289‚21),
905 4391 1016 4455 30:
1053 4384 1559 4473 παραχειμάζειν
1603 4426 1685 4435 —-
1730 4386 1845 4451 καὶ
1892 4386 2255 4473 περιμένειν
2293 4386 2363 4453 ‘cvx
2372 4415 2405 4453 ν
2442 4384 2702 4475 ὡραίαν,
2747 4395 2856 4457 313
2901 4389 3014 4479 τὴν

458 4488 820 4579 συγγραφὴν
854 4527 924 4537 -
958 4488 1073 4555 καὶ
1119 4486 1203 4553 τὰ
1249 4486 1322 4554 ἐκ
1364 4493 1476 4577 τῆς
1515 4492 1834 4576 συγγραφῗ
1842 4514 1875 4566 ς
1905 4486 2153 4568 δίκαια,
2202 4495 2309 4557 323
2356 4488 2423 4555 τί
2462 4490 2615 4577 περὶ
2648 4496 2775 4558 τῶν
2810 4490 3015 4559 τόκων

457 4593 749 4683 διαφέρει
795 4590 909 4657 καὶ
957 4585 1163 4673 ἀξιοῖς
1205 4585 1373 4677 ἡμᾶς
1415 4588 1806 4676 κομίζεσθαι
1852 4589 2000 4669 τοὺς
2041 4589 2135 4670 εἰς
2167 4587 2386 4658 (Ρόδον
2428 4590 2683 4672 τόκους,
2762 4598 2871 4660 363
2928 4592 3013 4658 τὰ

457 4694 688 4763 δίκαια
738 4688 946 4760 ταῦτά
987 4692 1140 4780 περὶ
1188 4686 1432 4781 ἀμφοῖν
1475 4691 1617 4759 ἐστι
1668 4693 1782 4759 καὶ
1826 4688 1866 4780 ᾗ·
1912 4696 2148 4780 πρᾶξις
2196 4690 2233 4782 ᾗ
2278 4689 2453 4782 αἰτή,
2529 4698 2640 4762 37:
2686 4694 3013 4760 σέσωσται

459 4795 573 4863 καί
618 4794 758 4863 ἐστι
809 4798 954 4874 σῶς,
1001 4800 1112 4861 403
1167 4791 1625 4884 ἐπεσκευάσθη
1680 4794 1791 4860 καὶ
1840 4793 2137 4879 πλώϊμος
2183 4793 2442 4882 ἐγένετο,
2490 4799 2600 4861 433
2651 4794 2719 4861 τὸ
2764 4793 3015 4879 συμβὰν
