3667 5250
1782 292 2166 353 *4,-

208 483 227 502 ‘
275 478 340 526 ’ἶ
377 462 421 524 ’ἶ
449 457 528 550 ²0⁹3
548 450 645 547 ’.κζ’
679 455 1057 579 permittat?
1069 466 1464 559 “⁰Audacius
1515 515 1662 558 vero
1717 493 1875 558 talia
1914 494 2110 559 verba
2152 493 2332 571 facit,
2389 492 2573 574 quasi
2628 510 2850 556 revera
2901 489 3250 553 existerent

699 599 888 682 legeS,
931 619 1096 680 quae
1140 618 1302 676 eum,
1350 598 1462 679 qui
1507 597 1722 662 omnia
1767 619 1834 662 se
1884 596 2234 662 secundum
2276 600 2677 659 contractum
2722 592 2943 657 fecisse
2991 593 3249 668 diceret,

699 722 828 766 non
855 703 1294 783 exceptionem
1327 699 1594 778 obicere,
1640 701 1753 763 sed
1797 706 1977 764 recta
2002 699 2375 763 intentionis
2409 698 2779 779 depulsione
2810 715 2877 761 se
2912 694 3251 760 defendere

696 804 992 868 iuberent
1045 803 1115 886 (ξ
1162 804 1250 888 4).
1358 802 1543 867 Tales
1593 803 1766 884 leges
1819 823 2151 885 nunquam
2212 801 2381 866 latas
2433 821 2569 864 esse
2620 799 2704 864 ab
2757 797 3253 863 Atheniensibus

699 908 849 971 inde
903 906 1332 988 colligendum
1382 907 1663 987 videtur,
1723 906 1899 987 quod
1959 905 2041 969 ab
2097 910 2353 968 oratore
2418 903 2678 966 recitari
2737 923 2866 966 non
2929 901 3247 979 iubentur,

698 1009 875 1091 quod
919 1008 1061 1072 aliis
1103 1007 1261 1073 locis
1302 1029 1633 1091 nunquam
1672 1007 2043 1091 laudantur,
2085 1007 2261 1089 quod
2306 1027 2453 1070 cum
2498 1025 2577 1069 ex
2617 1004 2729 1067 illa
2771 1002 2940 1088 lege,
2996 1024 3077 1066 ex
3122 1023 3253 1085 qua

701 1113 992 1194 excipere
1037 1112 1188 1175 licet
1232 1111 1311 1174 de
1353 1110 1816 1195 contractibus,
1872 1111 1983 1192 qui
2027 1129 2235 1191 neque
2285 1107 2555 1172 Athenis
2608 1109 2865 1171 omnino
2920 1108 3063 1170 initi
3103 1113 3254 1171 sunt

700 1234 906 1295 neque
975 1215 1300 1295 pertinent
1359 1212 1444 1276 ad
1510 1234 1752 1278 merces
1820 1214 1889 1277 in
1948 1211 2433 1276 Atheniensium
2508 1216 2863 1274 mercatum
2934 1208 3253 1273 vehendas

697 1316 770 1399 (ξ
800 1319 858 1394 4,
905 1315 981 1380 cf.
1023 1314 1247 1379 Meieri
1288 1322 1354 1380 et
1393 1315 1818 1381 Schoemanni
1858 1316 1899 1379 l.
1945 1315 2021 1380 D.
2052 1336 2107 1378 a.
2142 1315 2245 1379 Pr.
2292 1313 2419 1396 (ed.
2461 1333 2501 1376 a
2537 1311 2784 1397 Lipsio)
2826 1333 2887 1394 p.
2921 1301 3046 1376 636
3093 1332 3145 1375 c.
3192 1334 3251 1376 n.

697 1417 874 1504 411),
911 1425 1050 1482 tum
1099 1439 1177 1482 ex
1224 1438 1318 1503 ea,
1371 1438 1536 1499 quae
1575 1419 1910 1500 permittit,
1950 1424 2025 1481 ut
2064 1415 2351 1497 exceptio
2395 1422 2757 1498 opponatur
2803 1414 2884 1478 ab
2925 1435 3019 1492 e0,
3062 1435 3254 1496 quem

699 1521 933 1603 aliquis
975 1527 1241 1604 propter
1293 1541 1398 1585 res
1448 1522 1746 1585 remissas
1801 1527 1867 1584 et
1908 1525 2269 1584 transactas
2312 1518 2381 1582 in
2420 1519 2520 1582 ius
2562 1523 2749 1583 vocat
2792 1518 2879 1603 (v.
2924 1516 3147 1580 Meieri
3189 1523 3256 1580 et

699 1623 1118 1689 Schoemanni
1175 1623 1254 1686 D.
1309 1629 1424 1687 att.
1475 1623 1656 1688 Proc.
1712 1623 1842 1707 (ed.
1894 1642 1935 1686 a
1988 1621 2233 1706 Lipsio)
2293 1643 2354 1703 p.
2410 1622 2534 1686 837
2582 1642 2634 1685 c.
2687 1644 2749 1684 n.
2809 1618 2978 1705 198),
3034 1628 3255 1702 aperte

699 1729 1018 1809 sequitur,
1063 1732 1136 1789 ut
1176 1726 1257 1803 is,
1320 1726 1430 1808 qui
1472 1746 1573 1805 ea,
1626 1745 1792 1808 quae
1835 1726 2273 1802 convenerint,
2328 1722 2500 1787 facta
2540 1745 2581 1787 a
2624 1744 2689 1788 se
2727 1744 2863 1786 esse
2908 1723 3254 1800 contendit,

702 1831 993 1912 excipere
1025 1829 1258 1893 vetitus
1287 1829 1387 1892 sit.
1453 1827 1696 1892 Vitiose
1739 1833 1957 1891 autem
2001 1833 2067 1891 et
2110 1833 2184 1891 ut
2220 1825 2378 1890 mihi
2415 1827 2670 1891 videtur
2707 1825 2949 1889 iudices
2991 1823 3256 1888 fallendi

704 1952 901 1996 causa
953 1931 1228 2013 scriptor
1291 1931 1597 1994 orationis
1641 1928 1932 1994 XXXIV.
1987 1929 2192 2010 legem
2253 1929 2431 1992 illam
2502 1930 2581 1993 de
2646 1927 3081 1993 contractibus
3143 1933 3257 1990 aut

702 2033 974 2098 Athenis
1035 2039 1150 2098 aut
1206 2033 1284 2096 de
1349 2033 1753 2115 navigatione
1815 2031 2101 2096 Athenas
2158 2032 2563 2114 suscipienda
2622 2030 2810 2096 factis
2871 2049 3256 2112 magnopere

707 2137 966 2218 premit,
1029 2136 1216 2218 quasi
1271 2135 1340 2198 id
1396 2142 1721 2218 ageretur,
1790 2141 2012 2199 utrum
2068 2133 2458 2219 Chrysippus
2518 2140 2926 2198 contractum
2986 2131 3256 2196 Athenis

701 2224 946 2303 iniisset
999 2258 1222 2316 necne,
1278 2258 1396 2302 nec
1447 2259 1597 2304 vero
1652 2237 1772 2302 sibi
1816 2239 2390 2301 demonstrandum
2442 2243 2609 2301 esset
2651 2235 2899 2318 legibus
2943 2256 3070 2299 non
3113 2255 3257 2316 per-

702 2343 891 2419 mitti,
936 2346 1010 2404 ut
1051 2341 1106 2404 is
1145 2342 1584 2423 exceptionem
1626 2342 1952 2418 instituat,
1997 2341 2110 2422 qui
2153 2346 2555 2404 contractum
2597 2340 2882 2403 nondum
2926 2358 3062 2402 esse
3107 2359 3257 2402 con-

703 2444 947 2508 tendat.
1058 2442 1278 2507 Otiosa
1343 2445 1542 2522 igitur
1606 2443 1798 2506 etiam
1861 2441 2081 2520 verba,
2145 2461 2309 2523 quae
2366 2439 2531 2505 fiunt
2585 2445 2666 2523 ἓξ
2717 2445 2799 2507 43
2852 2448 2917 2505 et
2969 2444 3050 2506 45
3095 2446 3253 2504 extr.

707 2546 813 2634 (cl.
861 2546 992 2631 47),
1039 2545 1272 2628 quibus
1325 2552 1544 2610 orator
1598 2529 1772 2623 inde,
1824 2545 2002 2628 quod
2056 2549 2425 2616 contractus
2465 2542 2734 2608 Athenis
2783 2544 2992 2608 factus
3036 2545 3119 2608 sit
3157 2542 3257 2608 vel

699 2648 1003 2713 Phormio
1052 2648 1144 2712 ibi
1187 2669 1254 2712 se
1297 2655 1663 2713 mutuatum
1707 2662 1845 2712 esse
1896 2646 2305 2730 profiteatur,
2348 2649 2532 2728 sequi
2580 2649 2687 2727 ait,
2736 2655 2811 2712 ut
2859 2650 3024 2712 actio
3060 2646 3258 2731 Chry-

701 2754 880 2835 sippo
927 2753 1134 2815 detur.

873 2853 1136 2938 Orator,
1179 2875 1324 2918 cum
1368 2854 1435 2916 in
1486 2854 1590 2931 iis,
1640 2872 1810 2934 quae
1852 2859 2236 2934 sequuntur,
2292 2851 2767 2930 Phormionem,
2822 2853 2944 2917 etsi
3001 2852 3082 2917 ab
3135 2852 3257 2916 hoc

707 2958 1145 3039 exceptionem
1199 2961 1425 3019 contra
1487 2954 1660 3037 leges
1704 2954 1960 3019 'factam
2029 2976 2163 3020 esse
2219 2955 2338 3020 sibi
2392 2954 2646 3020 videtur
2703 2955 3255 3033 demonstravisse,

702 3066 921 3124 tamen
963 3065 1154 3141 pacto
1185 3079 1316 3122 non
1346 3058 1596 3121 stetisse
1639 3057 2036 3139 probaturus
2076 3064 2191 3136 est,
2234 3058 2407 3121 idem
2444 3057 2615 3135 facit,
2661 3058 2837 3139 quod
2865 3057 3075 3122 facere
3116 3064 3256 3122 tum

703 3161 998 3227 solebant
1037 3160 1308 3225 Athenis
1345 3160 1848 3242 excipientes,
1894 3180 2041 3225 cum
2084 3148 2213 3223 non
2254 3160 2447 3224 modo
2494 3161 2631 3223 iure
2674 3180 2740 3224 se
2784 3161 3100 3242 excipere,
3147 3160 3259 3224 sed

704 3266 900 3329 etiam
952 3283 1177 3328 causas
1231 3282 1379 3327 suas
1432 3262 1728 3327 meliores
1780 3283 1917 3327 esse
1969 3262 2285 3327 iudicibus
2333 3262 2720 3343 persuadere
2772 3263 3107 3326 studerent
3152 3261 3257 3347 (cf.

704 3367 926 3432 Meieri
973 3371 1038 3429 et
1084 3364 1508 3430 Schoemanni
1553 3364 1629 3427 D.
1672 3385 1727 3428 a.
1774 3364 1878 3428 Pr.
1925 3364 2057 3449 (ed.
2102 3386 2143 3429 a
2183 3364 2428 3454 Lipsio)
2473 3385 2577 3445 pp.
2624 3365 2748 3429 855
2796 3370 2861 3428 et
2899 3366 3069 3447 856).
3168 3364 3260 3429 Ut

707 3476 923 3533 autem
995 3468 1431 3532 adversarium
1492 3474 1757 3549 pactum
1819 3466 2149 3531 violavisse
2202 3468 2478 3544 evincat,
2544 3468 2824 3549 primum
2880 3468 3038 3532 dicit
3112 3488 3259 3532 eum

705 3592 912 3654 neque
956 3572 1186 3653 pignus
1224 3571 1619 3653 praestitisse
1664 3591 1889 3652 neque,
1936 3589 2081 3633 cum
2126 3569 2396 3634 Athenis
2436 3566 2728 3653 solveret,
2778 3590 2885 3634 eas
2923 3570 2993 3634 in
3034 3591 3259 3635 navem

705 3674 1085 3756 imposuisse
1110 3693 1551 3755 merces,quas
1569 3672 1938 3757 syngrapha
1955 3674 2023 3735 in
2044 3692 2186 3735 eam
2206 3669 2481 3736 conferri
2499 3672 2785 3735 iussisset
2802 3672 3111 3761 (QG—7,
3126 3673 3257 3758 22).

707 3776 894 3852 Quod
933 3782 1385 3859 argumentum
1428 3796 1502 3839 eo
1547 3773 1861 3839 infirmari
1902 3774 2189 3839 Blassius
2228 3773 2335 3860 (D.
2382 3794 2438 3837 a.
2486 3772 2558 3836 Β.
2602 3772 2714 3851 ΙΠ,
2742 3776 2798 3851 1,
2840 3795 2900 3856 p.
2942 3778 3068 3841 520
3096 3797 3157 3839 11.
3189 3774 3261 3861 7)

705 3886 880 3943 recte
935 3877 1115 3956 dicit,
1169 3879 1345 3960 quod
1388 3878 1840 3942 Phormionem
1886 3878 2054 3941 clam
2107 3882 2323 3940 actore
2377 3875 2571 3939 aliam
2622 3877 2883 3958 insuper
2926 3880 3261 3960 pecuniam

709 3986 1077 4044 mutuatum
1120 4000 1257 4044 esse
1300 3982 1663 4045 testimonio
1706 4000 1836 4043 non
1879 3979 2132 4045 videtur
2172 3977 2453 4060 probari.
2551 3979 2727 4055 Quae
2769 3980 3001 4044 deinde
3043 3987 3262 4044 orator

707 4082 1163 4146 Phormionem
1217 4089 1282 4147 et
1339 4082 1743 4165 Lampidem,
1807 4087 2157 4163 antequam
2215 4101 2409 4145 causa
2471 4081 2787 4145 diaetetae
2852 4082 3262 4146 diiudicanda

710 4186 1077 4249 traderetur
1090 4235 1104 4263 ,
1179 4186 1416 4249 dixisse
1476 4185 1861 4249 testimoniis
1928 4190 1993 4247 et
2062 4184 2457 4265 argumentis
2526 4184 2927 4247 demonstrat
2981 4182 3263 4268 (Lampi-

711 4289 857 4351 dem
900 4289 1237 4369 pecuniam
1278 4308 1343 4351 se
1376 4308 1417 4351 a
1449 4287 1832 4351 Phormione
1882 4286 2200 4366 accepisse
2246 4286 2570 4366 negavisse
2616 4284 2729 4369 (ξξ
2760 4287 2817 4363 9,
2879 4290 2969 4363 11,
3025 4289 3117 4365 16,
3161 4289 3261 4364 20,

709 4393 813 4467 41,
865 4391 966 4479 46,
1015 4393 1116 4467 47,
1162 4390 1294 4475 49),
1343 4389 1797 4454 Phormionem
1844 4388 2132 4453 Athenas
2182 4408 2507 4452 reversum
2558 4388 2895 4469 pecuniam
2945 4408 3011 4451 se
3067 4386 3265 4472 Chry-

711 4494 892 4573 sippo
933 4490 1295 4555 soluturum
1350 4512 1486 4557 esse
1530 4493 1897 4573 promisisse
1943 4490 2013 4575 (§
2062 4490 2191 4574 12),
2247 4511 2455 4572 neque
2498 4488 2875 4569 Lampidem
2916 4489 3035 4553 sibi
3074 4511 3265 4573 pecu-

712 4595 886 4657 niam
930 4614 971 4657 a
1009 4592 1394 4659 Phormione
1431 4595 1654 4658 datam
1698 4614 1833 4658 esse
1877 4612 2083 4674 neque
2114 4590 2564 4656 Phormionem
2608 4593 2942 4672 pecuniam
2972 4591 3266 4673 Lampidi

714 4718 780 4761 se
823 4697 1183 4762 reddidisse
1228 4719 1419 4763 ausos
1465 4718 1600 4763 esse
1643 4697 1857 4761 dicere
1903 4694 2017 4779 (ἓὲ
2066 4698 2161 4772 14,
2205 4697 2302 4771 15,
2340 4697 2436 4770 16,
2474 4692 2630 4777 17)),
2675 4692 2835 4757 haec
2883 4695 3095 4758 omnia
3139 4714 3265 4756 non

713 4800 1244 4865 eandem-habere
1265 4804 1392 4867 vim
1411 4800 1812 4884 probationis
1841 4803 2034 4878 atque
2056 4817 2148 4874 ea,
2170 4817 2333 4878 quae
2364 4796 2627 4877 professi
2658 4801 2844 4859 erant
2873 4795 3171 4859 Phormio
3202 4803 3267 4858 et
