3667 5250
1549 351 1934 410 —7-

469 557 938 639 navigationem
964 555 1478 636 interrumperet,
1513 575 1627 617 nec
1658 573 1807 618 vero
1835 552 2016 630 illud,
2060 574 2191 634 qua
2234 554 2315 617 de
2360 573 2554 618 causa
2595 555 2773 618 navis
2816 553 2898 618 ab
2944 573 3018 617 eo

469 662 533 722 in
597 659 827 723 Rhodo
891 659 973 722 sit
1038 665 1316 734 retenta,
1389 659 1663 739 scriptor
1734 655 2043 720 orationis
2103 655 2259 720 LVI.
2321 676 2449 720 non
2510 657 2686 720 vidit.
2798 655 3022 738 Inepte

468 764 682 845 potius
728 761 1094 825 adversario
1138 758 1334 824 fidem
1377 779 1507 823 non
1536 758 1903 824 habendam
1942 778 2079 822 esse
2111 758 2339 822 docere
2370 759 2613 823 studet:
2658 760 3023 841 suspicatur

471 865 641 928 enim
705 854 937 947 (οἶμαι)
996 869 1343 927 vectores
1396 882 1544 925 suas
1588 883 1692 925 res
1755 859 1896 924 aliis
1952 862 2017 924 in
2082 862 2348 944 navigiis
2408 859 2696 926 Athenas
2761 862 3022 924 misisse.

471 967 708 1031 Tamen
773 968 995 1030 statim
1058 965 1242 1029 addit
1295 964 1774 1028 Parmeniscum
1840 985 1947 1028 eas
2013 963 2184 1029 solas
2247 984 2490 1028 merces
2532 963 2818 1028 Athenas
2881 962 3023 1028 vehi

472 1069 770 1148 voluisse,
827 1089 1140 1150 „quarum
1195 1069 1404 1149 pretia
1454 1069 1839 1131 crevissent“
1892 1065 1966 1150 (ξ
2008 1065 2139 1151 24),
2183 1086 2482 1148 eumque,
2536 1067 2785 1130 etiamsi
2847 1066 3025 1129 navis

473 1193 601 1235 non
642 1169 978 1235 incolumis
1022 1169 1274 1246 fuisset,
1329 1176 1546 1234 tamen
1590 1169 1985 1232 frumentum
2027 1167 2312 1231 Athenas
2355 1170 2612 1233 mittere
2658 1167 3028 1231 debiturum

473 1275 666 1339 fuisse
710 1274 783 1357 (ἓ
828 1273 961 1357 25).
1051 1272 1228 1350 Quae
1271 1273 1486 1337 omnia
1529 1293 1658 1335 non
1701 1273 2022 1353 pertinere
2064 1270 2148 1334 ad
2190 1271 2284 1347 id,
2332 1270 2507 1352 quod
2547 1270 3027 1354 Dionysodorus

476 1377 814 1452 obiecerat,
858 1376 1266 1457 perspicuum
1311 1380 1426 1439 est.
1490 1411 1572 1418 ——
1634 1373 1857 1438 Altero
1909 1373 2050 1437 loco
2096 1372 2579 1457 Dionysodorus
2623 1373 2783 1436 alios
2825 1371 3029 1435 credi-

469 1487 649 1544 tores
703 1498 931 1542 usuras
977 1475 1277 1541 Rhodum
1329 1497 1532 1559 usque
1586 1477 1903 1557 accepisse
1950 1474 2272 1539 obiecerat
2315 1473 2427 1559 (gg
2476 1478 2575 1552 22,
2623 1474 2753 1559 26).
2843 1472 3028 1550 Quod

477 1587 552 1645 ut
604 1579 940 1644 refellatur
993 1586 1211 1645 orator
1264 1587 1548 1644 actorem
1609 1578 1816 1644 verbis
1876 1577 2188 1660 pactionis
2248 1575 2581 1641 inhaerere
2632 1596 2819 1658 posse
2874 1575 3031 1638 dicit

481 1685 592 1764 (ξὲ
639 1683 946 1768 26-27).
1051 1683 1280 1747 Verbis
1330 1688 1548 1745 autem
1605 1680 1763 1744 mihi
1814 1681 2069 1746 videtur
2108 1679 2357 1757 ludere,
2419 1701 2566 1744 cum
2613 1680 2791 1757 inde,
2853 1676 3029 1760 quod

477 1786 567 1849 illi
615 1785 966 1850 creditores
1005 1791 1256 1867 partem
1299 1805 1641 1848 usurarum
1685 1784 2050 1848 remiserint
2093 1803 2362 1865 eamque
2408 1782 2490 1847 ob
2535 1802 2796 1846 causam
2835 1780 3032 1843 detri-

478 1889 678 1952 menti
723 1888 970 1970 aliquid
998 1888 1375 1970 acceperint,
1423 1887 1603 1969 sequi
1630 1893 1841 1968 negat,
1888 1892 1963 1950 ut
1993 1888 2198 1950 actori
2236 1887 2390 1950 item
2422 1905 2650 1950 usuras
2679 1883 3031 1950 remittenti

456 1990 723 2055 'nullum
767 1990 1082 2066 inferatur
1121 1991 1444 2055 damnum.
1509 1990 1855 2054 Praeterea
1896 2009 2022 2066 eos,
2068 1990 2179 2071 qui
2220 1994 2474 2070 partem
2515 2008 2859 2052 usurarum
2902 2005 3031 2049 non

475 2094 1000 2175 repudiaverunt,
1062 2113 1192 2156 non
1243 2093 1434 2157 modo
1489 2090 1648 2156 nihil
1707 2093 2025 2174 accepisse
2069 2091 2313 2169 damni,
2374 2091 2488 2155 sed
2537 2090 2785 2154 lucrum
2838 2089 3034 2152 etiam

475 2195 696 2261 fecisse
757 2196 878 2261 sibi
924 2196 1494 2260 demonstrandum
1542 2215 1676 2258 esse
1738 2199 1945 2276 putat.
2062 2191 2249 2270 Quod
2301 2194 2355 2256 si
2408 2214 2630 2257 revera
2697 2191 3034 2273 probasset

480 2305 717 2376 orator,
763 2319 972 2362 nonne
1019 2299 1236 2362 statim
1283 2319 1362 2362 ex
1407 2318 1480 2362 eo
1526 2297 1932 2362 adversarius
1964 2315 2272 2377 quaerere
2300 2297 2632 2378 potuisset,
2679 2315 2794 2358 cur
2835 2294 3032 2376 igitur

477 2408 658 2466 actor
722 2421 850 2466 non
916 2403 1108 2464 etiam
1174 2408 1358 2482 parte
1423 2420 1767 2464 usurarum
1821 2404 2160 2462 contentus
2211 2397 2416 2462 esset?
2500 2397 2791 2475 Accedit,
2857 2396 3031 2478 quod

481 2505 713 2582 omnia,
760 2524 926 2586 quae
970 2503 1054 2566 ad
1098 2503 1277 2567 illam
1322 2524 1456 2566 rem
1498 2501 1903 2584 probandam
1933 2499 2367 2583 proferuntur,
2414 2498 2847 2582 sophistarum
2891 2504 3031 2561 arte

479 2609 844 2691 excogitata
885 2613 1052 2672 sunt.
1172 2605 1521 2673 Contendit
1570 2607 1741 2670 enim
1785 2610 2006 2669 orator
2059 2625 2166 2668 eos
2210 2603 2576 2681 creditores,
2617 2604 2730 2685 qui
2774 2601 3033 2665 Parme-

477 2712 653 2775 nisco
673 2712 1009 2792 pecuniam
1037 2732 1125 2773 ex
1156 2710 1495 2794 Aegypto
1529 2709 1941 2790 „simplicis
1993 2708 2137 2770 itin
2152 2708 2338 2771 eris“
2369 2713 2659 2770 mutuam
2686 2706 3029 2783 dedissent,

475 2814 599 2878 hac
640 2815 937 2895 pecunia,
994 2834 1140 2877 cum
1199 2834 1342 2877 eam
1393 2814 1460 2876 in
1505 2810 1733 2875 Rhodo
1773 2812 2187 2891 recepissent,
2242 2810 2470 2873 melius
2515 2810 2796 2891 potuisse
2841 2827 3033 2889 nego-

476 2916 651 2993 tiari,
716 2936 912 2997 quam
974 2918 1027 2980 si
1081 2915 1404 2980 debitores
1457 2913 1743 2979 Athenas
1796 2914 2232 2996 pervenissent
2286 2911 2399 2994 (gg
2454 2912 2758 2996 29—30).
2854 2910 3031 2975 Haec

477 3039 606 3083 non
666 3020 993 3100 pertinent
1043 3018 1127 3082 ad
1178 3039 1271 3093 ea,
1318 3038 1483 3101 quae
1532 3017 1991 3101 Donysodorus
2036 3034 2259 3079 revera
2302 3014 2604 3079 obiecisse
2649 3013 3031 3078 iudicandus

477 3128 603 3185 est:
651 3142 758 3185 eos
801 3121 1152 3185 creditores
1189 3127 1442 3201 partem
1472 3141 1816 3185 usurarum
1848 3118 2183 3199 accepisse,
2228 3118 2338 3198 qui
2368 3115 2595 3181 iisdem
2627 3123 2821 3199 atque
2852 3122 3031 3180 actor

479 3223 962 3288 condicionibus
1003 3228 1300 3286 mutuum
1344 3223 1688 3286 dedissent.
1722 3260 1802 3268 —
1845 3220 1948 3284 Ad
1993 3208 2351 3284 extremum
2394 3225 2566 3283 recte
2613 3225 2833 3282 orator
2875 3218 3032 3280 dicit

477 3326 956 3390 Parmeniscum
1021 3345 1275 3403 navem,
1337 3327 1391 3389 si
1457 3324 1652 3387 rimas
1720 3343 1797 3387 ea
1863 3323 2121 3404 egisset,
2185 3321 2535 3385 secundum
2600 3319 3031 3405 syngrapham

479 3450 783 3511 reparare
831 3435 896 3492 et
935 3434 1164 3510 postea
1205 3428 1493 3492 Athenas
1536 3426 1843 3490 reducere
1890 3424 2183 3489 debuisse
2228 3423 2301 3508 (ἓ
2348 3423 2481 3508 43).

649 3532 867 3597 Unum
917 3520 1152 3606 restat,
1195 3530 1275 3593 de
1329 3550 1458 3613 quo
1502 3550 1710 3612 pauca
1755 3527 2029 3592 dicenda
2082 3532 2249 3591 sunt.
2346 3525 2616 3588 Prorsus
2665 3523 2824 3588 nulli
2864 3525 3029 3587 enim

480 3640 890 3698 arcessuntur
906 3635 974 3696 in
1003 3653 1094 3697 or.
1123 3631 1282 3697 LVI.
1303 3640 1528 3709 testes3
1570 3653 1765 3714 quam
1796 3651 1935 3694 rem
1964 3629 2223 3693 minime
2252 3629 2485 3692 mirum
2512 3626 2805 3691 debuisse
2829 3627 3031 3691 videri

480 3732 628 3799 viris
680 3737 885 3801 doctis
937 3736 1390 3801 contenderim.
1490 3733 1669 3798 Idem
1723 3736 1919 3811 enim,
1968 3732 2145 3814 quod
2196 3751 2383 3813 saepe
2435 3730 2574 3794 fieri
2626 3730 2911 3795 videmus
2963 3730 3027 3791 in

481 3838 620 3901 aliis
651 3840 845 3902 etiam
875 3837 1288 3915 orationibus,
1320 3839 1386 3900 in
1416 3844 1638 3901 nostra
1667 3856 1923 3918 quoque
1967 3834 2201 3899 accidit
2211 3858 2227 3910 3
2272 3838 2346 3895 ut
2389 3852 2516 3909 ree,
2559 3852 2723 3914 quae
2768 3832 3031 3896 minoris

481 3948 631 4005 sunt
681 3942 985 4005 momenti
1038 3960 1332 4022 quaeque
1397 3939 1605 4004 obiter
1661 3944 1917 4001 tantum
1974 3940 2583 4017 commemorantur,
2650 3933 3030 3998 testimoniis

481 4064 610 4107 non
662 4042 1040 4126 probentur,
1106 4042 1302 4107 veluti
1347 4042 1825 4105 Parmeniscum
1890 4045 1955 4103 et
2008 4038 2521 4121 Dionysodorum
2574 4037 2778 4103 socios
2838 4036 3031 4100 fuisse

482 4144 866 4222 Cleomenis,
921 4151 1069 4209 cett.
1125 4145 1298 4230 (vide
1343 4142 1682 4207 Schwarzii
1729 4143 1790 4205 d.
1832 4143 1873 4205 l.
1912 4162 1973 4223 p.
2018 4144 2095 4206 21
2142 4167 2228 4194 =
2271 4159 2484 4221 progr.
2531 4138 2571 4202 1.
2616 4159 2677 4220 p.
2732 4142 3029 4222 10—11).

482 4248 670 4326 Quod
702 4250 859 4312 dicit
893 4248 1285 4313 Schwarzius
1329 4246 1399 4330 (l.
1429 4245 1501 4329 l.)
1533 4245 1694 4309 illud
1727 4245 2022 4327 plurimis
2050 4241 2320 4309 testibus
2368 4242 2570 4323 iisque
2611 4241 2709 4307 vel
2752 4243 3029 4305 maxime

479 4350 606 4415 fide
652 4351 861 4433 dignis
903 4349 1310 4431 probandum
1351 4348 1570 4432 fuisse,
1616 4368 1873 4432 navem,
1926 4368 2071 4411 cum
2114 4344 2543 4427 appelleretur
2584 4344 2669 4407 ad
2712 4342 3027 4421 Rhodum,

481 4453 864 4519 incolumem
913 4450 1132 4528 fuisse,
1187 4450 1353 4515 hanc
1397 4472 1534 4515 rem
1588 4458 1908 4515 oratorem
1962 4452 2339 4531 argumento
2395 4447 2835 4510 demonstrare
2897 4451 3031 4510 stu-

483 4558 695 4620 duisse
724 4576 921 4636 supra
947 4554 1038 4637 (p.
1064 4554 1134 4637 6)
1179 4553 1528 4618 docuimus
1574 4553 1746 4616 Illud
1768 4573 1939 4636 vero,
1986 4552 2161 4634 quod
2208 4551 2483 4631 scriptor
2528 4550 2835 4613 orationis
2868 4547 3026 4612 LVI.

482 4666 741 4724 tantum
807 4664 1056 4734 narrat,
1127 4648 1605 4720 Parmeniscum
1668 4662 1732 4719 et
1793 4654 2093 4719 Rhodum
2136 4652 2456 4736 appulisse
2520 4651 2735 4732 ibique
2805 4671 3031 4715 navem

491 4762 843 4826 exanivisse
885 4765 950 4823 et
989 4778 1207 4823 omnes
1250 4778 1479 4821 usuras
1522 4757 1764 4822 solvere
1808 4776 2123 4833 recusare,
2168 4755 2235 4818 id
2280 4762 2345 4817 et
2387 4754 2836 4835 provocatione
2881 4755 2920 4831 ξ
2948 4754 3024 4816 17

484 4865 686 4929 allata
727 4869 792 4927 et
830 4864 970 4944 ipsa
1015 4861 1323 4925 orationis
1367 4879 1562 4923 causa
1607 4858 1866 4940 probari
1904 4878 2089 4921 nemo
2135 4853 2412 4936 negabit.
