3667 5250
1541 348 1967 411 -.-11--

481 575 656 637 τμων
699 547 1182 636 Διονυσόδωρον
1222 550 1526 636 κριθνναι
1571 549 1670 634 (id
1715 556 1811 613 est
1873 546 1986 612 ἐᾶν
2026 549 2220 632 κριθι
2226 549 2375 630 ναι),
2422 542 2508 624 ὡς
2553 541 2826 630 ἑτοίμων
2862 540 3038 632 τμῶν

473 645 676 717 όντων
726 655 1065 773 κριθῆναι,
1133 672 1340 734 neque
1391 654 1562 716 cnim
1613 645 1790 737 ’νμῶν
1841 651 2353 716 subaudiendum
2410 650 2661 715 videtur
2710 671 2844 715 esse
2889 657 3036 732 post

480 749 763 838 ἑτοίμων
784 747 1005 834 όντων,
1051 755 1166 820 sed
1207 753 1545 818 referenda
1587 760 1737 818 sunt
1779 755 1937 819 haec
1981 754 2175 820 verba
2218 755 2353 818 sine
2402 752 2596 818 dubio
2639 774 2784 817 cum
2831 751 2906 818 Gr.
2952 753 3030 817 H.

481 857 824 923 Schaefero
857 857 971 943 (ad
1001 855 1064 920 h.
1101 856 1179 978 l.)t
1215 858 1298 919 ad
1346 857 1632 938 proxime
1673 858 2121 923 antecedentia
2164 856 2277 940 (sc.
2324 856 2453 919 τῶν
2496 848 3037 941 ἀντιλεγομένων),

480 961 861 1025 vocabulum
910 962 1108 1042 igitur
1154 953 1437 1041 ἑτοῖμος,
1484 959 1659 1041 quod
1697 961 1955 1042 proprie
2000 959 2236 1022 dicitur
2275 959 2355 1022 dc
2400 957 2782 1036 hominibus,
2829 962 3037 1022 trans-

479 1063 684 1127 latum
730 1053 953 1128 est'ad
995 1083 1098 1126 res
1142 1062 1505 1147 inanimas),
1552 1063 1662 1127 23:
1708 1056 1766 1126 εἰ
1807 1057 1927 1146 γὰρ
1969 1061 2158 1124 τοῦτο
2202 1059 2431 1148 συνέβη
2474 1062 2777 1125 παθεῖν
2815 1061 2887 1147 τῖ
2936 1054 3036 1146 νηί

480 1164 588 1250 (cf.
645 1165 954 1230 Schwarz.
1012 1164 1072 1227 d.
1125 1165 1168 1228 l.
1219 1185 1322 1246 pp.
1379 1166 1591 1229 9-10
1640 1191 1727 1219 =
1773 1183 1989 1245 progr.
2039 1161 2081 1226 l.
2132 1184 2191 1244 p.
2243 1167 2301 1242 6,
2355 1163 2605 1229 Schulz.
2652 1164 2713 1227 d.
2759 1164 2801 1227 1.
2846 1184 2908 1244 p.
2954 1164 3035 1228 53

479 1273 611 1331 not.
662 1271 729 1344 1;
783 1273 1068 1332 ceterum
1118 1265 1425 1348 exemplis
1483 1265 1564 1330 ab
1618 1265 1720 1330 his
1773 1265 2091 1347 congestis
2143 1265 2309 1330 adde
2354 1266 2612 1344 XXXV,
2660 1268 2736 1331 13
2778 1266 2846 1329 in
2892 1286 3039 1349 syn-

479 1369 780 1453 grapha),
845 1373 954 1434 24:
1002 1362 1071 1431 αῖ
1127 1365 1318 1450 τιμαὶ
1363 1364 1856 1444 ἐπετέταντο,
1912 1368 2021 1433 3οε
2070 1361 2560 1452 ἐργάσασθαι
2605 1370 2700 1454 τῷ
2743 1360 3035 1453 ἀργυρίῳ,

483 1473 592 1536 31:
639 1467 758 1534 ἐπὶ
823 1467 936 1558 τὴν
981 1467 1343 1556 συγγραφὴν
1387 1463 1680 1556 ἀνάγετ’
1728 1462 1937 1549 αὐτόν,
2010 1471 2121 1535 34:
2184 1465 2267 1532 τὰ
2322 1469 2380 1534 δ’
2435 1465 2708 1558 ἡμέτερα
2745 1466 3037 1556 χρήματα

484 1568 727 1653 ἄξοντες
767 1570 881 1649 καὶ
920 1567 1467 1657 καρπούμενοι,
1519 1575 1630 1638 43:
1682 1567 2337 1657 ἐπανορθούμενοι
2383 1568 2458 1637 τὸ
2510 1566 2811 1637 ἀκούσιον
2852 1567 3035 1655 σύμ-

486 1697 766 1758 πτωμα
848 1674 952 1758 (cf.
1016 1674 1326 1740 Schwarz.
1390 1674 1450 1738 d.
1507 1674 1548 1738 l.
1610 1695 1672 1756 p.
1740 1676 1778 1739 8
1842 1703 1929 1730 =
1990 1676 2189 1740 eiusd.
2263 1696 2477 1758 progr.
2537 1675 2578 1738 l.
2648 1697 2709 1758 p.
2775 1679 2832 1753 5,
2886 1674 3035 1760 BL),

485 1781 594 1841 44:
659 1775 808 1862 μηδ’
899 1772 1032 1840 ἐπὶ
1108 1775 1320 1840 δυοῖν
1403 1768 1767 1860 ἀγκύραιν
1842 1771 2101 1864 ὁρμεῖν
2173 1772 2401 1855 αὐτοὺς
2467 1774 2617 1842 ἐᾶτε
2678 1778 2859 1863 (ΒΙ.),
2928 1779 3036 1843 5οτ

485 1873 931 1965 ἔμπροσθεν
973 1879 1086 1943 τοῖ’
1127 1873 1402 1942 δικαίου.

655 1981 755 2046 Ex
794 1981 918 2046 hac
982 1980 1398 2063 metaphorae
1443 1983 1839 2063 expositione
1899 1985 2274 2066 scriptorem
2339 1985 2701 2048 orationum
2746 1982 3035 2048 XXXIV.

482 2090 546 2147 et
605 2083 764 2148 LVI.
825 2082 1282 2149 translationes
1342 2088 1408 2147 et
1470 2084 1672 2149 multo
1747 2088 2001 2168 saepius
2072 2085 2379 2150 adhibere
2434 2092 2498 2149 et
2558 2107 2638 2149 ex
2699 2085 2843 2150 aliis
2898 2085 3066 2151 fon--

480 2185 654 2250 tibus
712 2191 928 2270 petere
987 2207 1182 2268 quam
1242 2186 1550 2250 orationis
1617 2185 1911 2251 XXXIII.
1976 2195 2301 2254 auctorem
2371 2189 2560 2271 plane
2631 2190 3036 2271 perspicuum

482 2309 616 2354 esse
656 2296 832 2371 put0.

653 2392 796 2457 Huc
838 2392 1098 2468 accedit,
1150 2391 1326 2473 quod
1371 2389 1812 2473 frequentiora
1862 2394 1928 2457 in
1980 2394 2377 2458 orationibus
2427 2392 2719 2458 XXXIV.
2767 2400 2831 2457 et
2874 2393 3036 2458 LVI.

485 2517 678 2576 quam
723 2497 789 2560 in
816 2493 1110 2559 XXXIII.
1133 2500 1480 2558 occurrunt
1518 2494 1731 2578 verba,
1777 2494 2011 2576 quibus
2043 2498 2248 2560 maior
2287 2497 2456 2561 inest
2484 2497 2782 2581 gravitas,
2815 2497 3041 2560 immo-

484 2599 746 2663 deratae
800 2597 1138 2675 dictiones,
1190 2595 1606 2678 superlativa,
1663 2618 1792 2679 qua
1850 2618 1929 2661 ex
1972 2619 2041 2663 re
2082 2598 2342 2663 illarum
2383 2599 2749 2664 orationum
2790 2600 3038 2664 auctori

482 2702 790 2765 maiorem
844 2702 1170 2783 quandam
1209 2690 1480 2763 =insitam
1539 2720 1676 2764 esse
1732 2702 2048 2784 „augendi
2107 2722 2210 2766 res
2262 2701 2360 2767 vel
2415 2703 2741 2765 minuendi
2798 2703 3041 2784 cupidi-

482 2809 722 2868 tatem“
768 2803 1012 2888 (Quint.
1041 2802 1212 2881 VIII,
1243 2806 1302 2881 6,
1334 2800 1445 2887 75)
1489 2800 1673 2866 facile
1713 2803 2069 2885 apparebit.
2138 2804 2224 2867 Et
2267 2804 2462 2869 verba
2506 2806 2763 2887 quidem
2796 2806 3037 2869 maiore

481 2908 542 2971 vi
585 2914 651 2970 et
702 2928 866 2989 quae
915 2906 1292 2970 insolentius
1355 2904 1532 2968 dicta
1585 2912 1735 2969 sunt
1801 2928 1881 2970 ex
1942 2928 2032 2971 or.
2086 2905 2377 2970 XXXIII.
2448 2908 2665 2971 notavi
2723 2907 2908 2972 haec:
2966 2902 3041 2971 τὸ

484 3004 808 3095 παράπαν
879 3012 918 3089 ξ
992 3012 1102 3086 34,
1185 3002 1278 3083 εἰς
1347 3006 1518 3070 τοῦτ’
1603 2995 1804 3093 ἦλθεν
1886 3002 2220 3084 ἀναιδείας
2294 3012 2370 3074 16
2445 3009 2521 3073 cl.
2599 3013 2705 3087 22,
2794 3031 2873 3073 ex
2948 3030 3039 3073 or.

483 3110 770 3196 XXXIV.
818 3110 1005 3175 haec:
1056 3102 1158 3174 ὅτι
1229 3106 1488 3173 ἰδιῶται
1552 3110 1889 3187 παντελῶς
1960 3109 2148 3194 ἐσμεν
2197 3115 2236 3193 ἓ
2298 3117 2349 3190 1,
2407 3105 2711 3194 οὐδεμίαν
2764 3107 3039 3177 πώποτε

484 3217 523 3295 ξ
560 3217 616 3293 1,
660 3206 1064 3293 ἀναίσχυντοι
1113 3215 1152 3293 ἓ
1198 3216 1253 3289 1,
1300 3207 1376 3275 τὸ
1419 3207 1745 3297 παράπαν
1788 3218 1827 3295 ξ
1874 3217 1929 3293 3,
1977 3208 2398 3278 ούδεπώποτε
2441 3218 2523 3295 ἐξ
2559 3217 2635 3279 12
2683 3221 2749 3278 et
2797 3218 2872 3280 16
2912 3218 3041 3301 (sic

484 3318 678 3393 codd3
742 3310 999 3381 οὐδέπω
1062 3308 1195 3379 τότ’
1258 3314 1512 3379 Reiskio
1570 3313 1898 3401 debetur),
1964 3312 2181 3398 μαίνει
2249 3320 2288 3397 ξ
2356 3321 2461 3395 14,
2522 3310 2845 3403 οὐδέτερος
2907 3309 3038 3381 οὔδ’

484 3413 695 3484 ὁτιοῦν
726 3423 765 3501 ξ
794 3422 890 3498 15,
934 3414 1022 3505 μὴ
1064 3413 1183 3503 γὰρ
1229 3411 1456 3485 οἴεσθέ
1495 3440 1577 3501 με
1622 3410 1821 3495 οὕτως
1862 3411 2292 3505 ἀπόπληκτον
2334 3411 2498 3483 εἶναι
2546 3416 2658 3483 καὶ
2705 3418 3040 3496 παντελῶς

483 3517 861 3605 μαινόμενον
906 3525 945 3602 ξ
998 3524 1070 3585 16
1119 3520 1354 3604 (BlaSS.
1399 3542 1458 3603 p.
1509 3522 1681 3606 519),
1729 3518 1996 3604 σύμπαν
2041 3525 2079 3603 ξ
2130 3525 2229 3601 23,
2286 3509 2337 3585 ὧ
2378 3524 2452 3607 γῆ·
2496 3519 2611 3586 καὶ
2658 3518 2809 3586 θεοί
2854 3526 2893 3603 ξ
2938 3524 3037 3600 29,

482 3622 666 3710 μόνοι
707 3621 872 3710 πρὸς
913 3619 1141 3700 αύτούς
1184 3615 1370 3687 αὐτοί
1406 3626 1444 3704 ξ
1484 3625 1584 3701 35,
1633 3615 1831 3701 οὕτως
1869 3616 2002 3689 ’ὄντ’
2050 3618 2387 3710 ἀβέλτερον
2431 3629 2470 3706 ξ
2502 3629 2601 3703 41,
2649 3646 2728 3688 ex
2758 3637 2846 3690 or.
2881 3624 3039 3689 LVI.

483 3728 670 3793 haec:
720 3724 786 3791 ἒν
839 3720 1326 3812 γραμματειδίῳ
1390 3724 1568 3789 δυοῖν
1614 3726 1883 3806 χαλκοῖν
1933 3723 2259 3813 ἐωνημένῳ
2310 3724 2424 3790 καὶ
2475 3722 2784 3811 βιβλιδίῳ
2832 3728 3044 3812 μικρῷ

485 3826 660 3894 πάνυ
725 3825 836 3915 τὴν
887 3822 1231 3913 ὁμολογίαν
1293 3823 1734 3892 καταλέλοιπε
1801 3833 1841 3909 ἓ
1893 3834 1920 3893 1
1990 3829 2164 3915 (BL),
2230 3825 2822 3915 παλιγκαπηλεύων
2862 3829 3039 3915 (ΒΙ.),

487 3926 670 3997 αύτοὶ
735 3918 909 3996 οὗτοι
977 3928 1137 3994 καθ’
1202 3922 1410 3993 αὑτῶν
1445 3934 1484 4010 ξ
1537 3934 1634 4013 10,
1697 3924 1877 3994 οὐδέν
1919 3952 1988 4014 γε
2038 3930 2285 4013 μᾶλλον
2330 3924 2373 4016 ’ὴ
2417 3924 2629 3995 ὁτιοῦν
2677 3934 2824 4012 §15
2867 3932 3042 4018 (BL),

492 4032 752 4099 σύνολον
796 4037 835 4115 ἓ
872 4038 966 4111 15,
1011 4025 1267 4119 εύήθεις
1307 4026 1428 4117 ἔφη
1461 4032 1795 4109 παντελῶς
1839 4026 2005 4119 ἡμᾶς
2045 4025 2210 4097 εἶναι
2257 4036 2295 4114 ξ
2331 4035 2429 4110 18,
2475 4036 3045 4119 παρασυγγραφεῖν

487 4140 568 4203 28
609 4144 675 4202 et
716 4139 799 4201 34
844 4135 1018 4220 (BL),
1089 4130 1201 4219 Μὴ
1249 4122 1354 4199 οἷν
1399 4127 1808 4215 ἀποδέχεσθε
1858 4131 2083 4199 τούτου
2136 4131 2583 4221 φενακίζοντος
2636 4130 2804 4219 ὑμᾶς
2854 4140 2893 4217 ξ
2938 4139 3037 4214 31,

486 4235 838 4303 θεάσασθε
879 4235 991 4323 τὴν
1033 4232 1390 4323 ὁπερβολὴν
1416 4240 1454 4318 ἓ
1482 4241 1582 4314 40,
1627 4236 1877 4320 μᾶλλον
1918 4236 1975 4301 δ’
2024 4229 2438 4317 ἀναίσχυντος
2482 4241 2647 4319 §41,
2696 4234 2860 4324 πρὸς
2903 4241 3042 4315 τοῖς

488 4340 558 4424 ἐξ
591 4336 780 4428 ἀρχῆς
822 4334 1178 4425 ἀδικήμασι
1225 4338 1453 4423 πολλῷ
1480 4335 1678 4422 μείζω
1726 4337 2368 4426 προσεξημαρτήκασι
2411 4344 2449 4421 ἓ
2476 4343 2575 4405 43.
2640 4342 3043 4423 Superlativa

372 4467 376 4475 ·
486 4447 784 4511 inveniin
810 4465 899 4509 or.
923 4442 1218 4507 XXXIII.
1263 4444 1418 4506 tria:
1458 4448 1539 4522 ἐξ
1565 4446 1622 4521 5,
1659 4446 1749 4521 10,
1777 4446 1877 4519 37,
1909 4444 1973 4505 in
2009 4463 2099 4506 or.
2130 4442 2419 4506 XXXIV.
2466 4464 2717 4507 novem:
2765 4448 2845 4523 ἓξ
2881 4446 2937 4527 2,
2984 4448 3040 4522 5,

488 4550 545 4626 6,
577 4550 635 4625 8,
666 4550 764 4624 11,
805 4548 906 4627 32,
936 4548 1036 4624 37,
1058 4549 1157 4623 45,
1199 4549 1300 4629 52,
1329 4547 1396 4609 in
1425 4566 1514 4609 or.
1549 4544 1707 4610 LVI.
1737 4552 1909 4610 octo:
1944 4549 2025 4623 ἐξ
2054 4546 2111 4622 8,
2146 4548 2241 4622 10,
2278 4548 2372 4622 11,
2411 4549 2503 4624 17,
2537 4548 2617 4610 33
2646 4545 2759 4623 bis,
2803 4548 2903 4623 35,
2936 4549 3039 4610 40.

663 4647 787 4711 Alii
847 4650 1018 4730 tropi
1067 4656 1325 4730 praeter
1379 4647 1866 4712 translationem
1931 4667 2193 4728 perraro
2248 4653 2641 4729 usurpantur
2694 4669 2733 4711 a
2783 4649 3038 4712 nostris.

487 4750 666 4815 Illius
712 4751 965 4813 dicendi
1005 4749 1265 4826 formae,
1313 4772 1476 4831 quae
1506 4770 1547 4813 a
1577 4749 2039 4813 recentioribus
2085 4745 2390 4834 λιτότης
2434 4752 2646 4813 vocari
2691 4750 2869 4826 solet,
2914 4752 3041 4813 tria

489 4860 747 4917 exstant
789 4851 1079 4933 exempla
1124 4854 1191 4915 in
1237 4854 1524 4917 oratione
1574 4852 1744 4916 LVI:
1788 4848 1867 4933 μῖ
1930 4846 2105 4913 πάνυ
2146 4856 2184 4930 ξ
2225 4856 2281 4928 2,
2338 4844 2451 4913 οὐκ
2502 4844 2687 4935 ὀλίγα
2730 4854 2768 4931 ἓ
2819 4853 2875 4928 7,
2932 4845 3039 4930 οὐχ
