3667 5250
607 1293 933 1378 Orationes
979 1315 1278 1394 privatas,
1328 1335 1494 1396 quae
1538 1317 1604 1379 in
1650 1335 1917 1397 corpore
1951 1317 2315 1380 orationum
2346 1316 2986 1383 Demosthenicarum

430 1413 722 1479 obtinent
779 1415 956 1481 locos
1016 1415 1312 1480 XXXIII.
1367 1416 1656 1482 XXXIV.
1709 1417 1889 1496 LVI„
1954 1439 2099 1483 cum
2160 1419 2538 1501 inspicerem
2601 1423 2983 1500 accuratius,

429 1516 601 1580 idem
664 1517 799 1583 fore
869 1540 1019 1584 mox
1084 1518 1371 1584 intellexi
1428 1523 1690 1598 invitus,
1755 1522 1932 1603 quod
1995 1521 2320 1586 acciderat
2381 1521 2540 1586 mihi
2598 1524 2665 1587 in
2718 1544 2987 1590 examen

430 1622 682 1684 vocanti
756 1623 1104 1700 orationes,
1175 1642 1340 1706 quae
1410 1630 1834 1688 numerantur
1900 1625 2069 1688 inter
2143 1623 2669 1690 Demosthenicas
2726 1625 2984 1692 XXXV.

429 1721 653 1787 XLIII.
687 1723 908 1788 XLVI.
951 1763 1028 1772 —
1060 1724 1129 1789 L.
1169 1724 1301 1789 LII.
1332 1722 1497 1789 LIII.
1528 1724 1690 1790 LIX.
1720 1724 2039 1810 (Quaestt.
2066 1725 2145 1788 de
2177 1726 2541 1789 orationum
2572 1725 2988 1793 Demostheni

428 1823 589 1890 falso
653 1827 1058 1891 addictarum
1123 1827 1570 1909 scriptoribuS,
1631 1849 1692 1910 p.
1737 1827 1795 1906 I,.
1835 1827 2062 1912 1883):
2125 1832 2201 1890 ut
2256 1826 2466 1891 facere
2529 1849 2657 1892 non
2716 1851 2985 1911 possem,

429 1929 585 2008 quin
643 1929 1045 1994 dissentirem
1093 1950 1134 1994 a
1176 1929 1282 1994 Fr.
1329 1928 1577 1994 Blassio
1633 1930 1738 2013 (D.
1784 1935 1899 1994 att.
1945 1929 2018 1993 B.
2063 1928 2239 2013 111,1,
2282 1950 2387 2012 pp.
2431 1933 2820 2018 524—525),
2875 1935 2990 2016 qui

429 2029 582 2094 Arn.
645 2030 1056 2096 Schaeferum
1119 2031 1328 2116 (Dem.
1383 2054 1445 2095 u.
1499 2052 1546 2096 s.
1607 2033 1703 2096 Zt.
1765 2032 1944 2118 111,2,
2003 2053 2065 2114 p.
2126 2031 2284 2116 314)
2344 2037 2600 2096 secutus
2665 2035 2988 2099 orationes

430 2131 724 2196 XXXIII.
770 2132 1060 2198 XXXIV.
1107 2132 1265 2198 LVI.
1313 2134 1427 2197 uni
1478 2136 1729 2198 auctori
1780 2133 2203 2217 probabiliter
2254 2133 2521 2198 attribui
2562 2155 2749 2216 posse
2795 2157 2987 2219 expo-

429 2237 581 2312 suit,
634 2235 903 2318 illosque
957 2237 1125 2301 viros
1179 2237 1260 2300 de
1314 2235 1743 2301 Demosthene
1797 2239 2035 2320 optime
2090 2236 2353 2299 meritos
2406 2237 2615 2300 minus
2676 2244 2850 2302 recte
2906 2240 2987 2303 de

428 2338 737 2419 scriptore
782 2337 1040 2402 illarum
1084 2339 1446 2402 orationum
1492 2341 1790 2404 statuisse
1835 2339 2203 2404 arbitrarer.
2268 2337 2589 2414 Invenisse
2623 2341 2792 2403 enim
2828 2341 2986 2405 mihi

427 2440 647 2505 videor
682 2439 974 2507 XXXIV.
1021 2442 1281 2524 quidem
1337 2445 1694 2507 orationem
1740 2450 1804 2506 et
1848 2441 2007 2506 LVI.
2050 2462 2286 2524 magna
2338 2462 2483 2505 cum
2530 2441 2986 2524 probabilitate

427 2542 634 2606 eidem
701 2545 946 2609 oratori
1007 2544 1316 2609 vindicari
1378 2565 1590 2627 posse,
1668 2544 2131 2609 abiudicandas
2194 2565 2343 2609 vero
2412 2564 2549 2608 esse
2612 2545 2696 2623 ei,
2754 2566 2793 2609 a
2856 2567 2985 2629 quo

426 2645 715 2727 profecta
771 2652 869 2711 est
909 2645 1208 2711 XXXIII.
1252 2645 1476 2712 oratio.
1549 2648 1891 2713 Prolaturo
1940 2654 2156 2711 autem
2200 2647 2357 2711 mihi
2400 2654 2797 2729 argumenta,
2845 2650 2986 2731 qui-

425 2746 546 2811 bus
608 2750 674 2811 in
739 2769 968 2813 novam
1029 2749 1198 2815 hanc
1262 2750 1580 2814 adductus
1641 2771 1784 2815 sum
1848 2752 2255 2827 sententiam,
2315 2756 2391 2813 ut
2453 2756 2626 2814 recte
2676 2750 2987 2831 procedat

427 2850 796 2933 disputatio,
841 2852 1013 2916 idem
1045 2852 1203 2916 mihi
1235 2853 1392 2916 ordo
1415 2852 1780 2917 disserendi
1819 2852 2073 2916 videtur
2103 2852 2469 2931 servandus,
2518 2873 2712 2935 quem
2741 2854 2985 2918 servavi

425 2953 492 3016 in
532 2954 746 3034 priore
791 2952 1249 3030 Quaestionum
1289 2962 1491 3036 parte.
1579 2955 2052 3037 Exponendum
2093 2956 2290 3037 igitur

426 3185 509 3254 A.
619 3173 699 3257 De
772 3173 1167 3272 inventione,
1233 3197 1394 3277 qnae
1465 3176 1570 3258 est
1627 3176 1694 3257 in
1761 3174 2166 3261 orationibus
2222 3173 2483 3259 xxxin.
2537 3173 2787 3258 xxxiv.
2843 3174 2981 3258 tvl.

527 3348 582 3411 Ι.
628 3348 744 3411 De
776 3345 1451 3424 argumentatione
1485 3347 1926 3413 orationum
1954 3349 2295 3413 XXXIII.
2328 3349 2666 3413 XXXIV.
2698 3349 2885 3412 LVI.

957 3484 1010 3545 l.
1057 3481 1153 3546 De
1197 3481 1752 3563 argumentatione
1797 3483 2105 3547 orationis
2148 3482 2441 3547 XXXHI.

423 3602 578 3664 satis
635 3600 840 3665 habeo
912 3601 1227 3665 remisisse
1293 3601 1574 3666 lecturos
1643 3602 1728 3665 ad
1788 3600 2068 3667 Schulzii
2126 3605 2403 3667 maxime
2465 3602 2980 3665 dissertationem

423 3702 807 3795 (Prolegom.
853 3702 918 3764 in
952 3701 1130 3765 Dem.
1177 3723 1342 3785 quae
1372 3702 1578 3767 fertur
1619 3724 1709 3766 or.
1742 3702 1884 3767 adv.
1914 3702 2105 3784 Apat.
2139 3706 2353 3786 capita
2388 3706 2536 3782 duo,
2580 3702 2726 3785 Lps.
2764 3704 2979 3789 1878),

421 3806 486 3869 in
527 3825 658 3887 qua
700 3826 756 3869 v.
803 3804 883 3881 d..
929 3810 1274 3887 postquam
1319 3806 1748 3887 copiosissime
1795 3805 1926 3886 egit
1976 3804 2056 3867 de
2099 3826 2321 3890 causa,
2368 3826 2533 3888 quae
2577 3805 2643 3867 in
2690 3809 2979 3871 oratione

420 3905 716 3971 XXXIII.
750 3913 1109 3985 enarratur,
1140 3927 1337 3989 quam
1365 3907 1879 3989 reprehendendi
1912 3926 2136 3970 ansam
2167 3907 2476 3989 praebeat
2504 3910 2978 3989 argumentatio

419 4010 573 4087 eius,
619 4015 917 4074 accurate
961 4016 1027 4074 et
1067 4015 1239 4074 recte
1284 4009 1421 4094 (pp.
1461 4011 1736 4093 32-34,
1779 4008 1943 4075 4701.
1987 4009 2099 4094 82)
2144 4012 2427 4091 exponit.

588 4111 850 4175 Plenius
895 4112 1019 4175 erit
1061 4111 1523 4194 disputandum

918 4301 974 4361 2.
1031 4297 1128 4361 De
1168 4298 1724 4379 argumentatione
1771 4299 2080 4363 orationis
2125 4296 2417 4363 XXXIV.
2431 4301 2477 4378 l)

591 4416 826 4481 Orator
862 4415 1268 4481 Phormionis
1311 4417 1745 4498 exceptionem
1776 4417 2109 4499 adimpleti
2147 4422 2514 4481 contractus
2553 4416 2663 4502 (cf.
2694 4417 2975 4502 Platner,

418 4518 497 4581 D.
529 4517 709 4582 Proc.
750 4540 811 4581 u.
852 4519 913 4581 d.
953 4518 1138 4601 Klag.
1179 4518 1239 4582 b.
1273 4520 1335 4582 d.
1367 4518 1666 4583 Attikern
1698 4517 1746 4597 Ι,
1801 4519 1955 4604 144.)
2000 4519 2399 4601 illegitimam
2442 4539 2577 4583 esse
2624 4520 2973 4603 contendit,

417 4621 593 4703 quod
634 4620 816 4684 nulla
859 4622 942 4684 sit
980 4621 1102 4701 lex,
1147 4641 1330 4703 quae,
1369 4627 1442 4685 ut
1485 4622 1568 4699 is,
1615 4621 1727 4702 qui
1769 4627 1961 4703 pacto
2005 4622 2271 4699 steterit,
2319 4623 2691 4702 exceptione
2734 4626 2973 4700 utatur,

558 4826 600 4892 ¹)
638 4824 714 4878 Cf.
752 4828 972 4891 praeter
1011 4827 1218 4876 ceteros
1257 4822 1532 4876 Schaeferi
1574 4822 1608 4874 l.
1645 4822 1679 4875 1.
1719 4840 1806 4889 pp.
1847 4828 1945 4876 300
1984 4839 2092 4890 sqq.
2130 4826 2189 4876 et
2222 4822 2421 4875 Blassii
2455 4822 2489 4874 l.
2531 4822 2565 4876 1.
2602 4840 2689 4889 pp.
2728 4828 2825 4876 515
2863 4839 2971 4890 sqq.

2611 4920 2639 4951 U

1511 5012 1979 5105 4717ssss
2581 4928 2605 4976 1
